%YAML 1.1
%TAG !u! tag:unity3d.com,2011:
--- !u!1 &6764946689777726829
GameObject:
  m_ObjectHideFlags: 0
  m_CorrespondingSourceObject: {fileID: 0}
  m_PrefabInstance: {fileID: 0}
  m_PrefabAsset: {fileID: 0}
  serializedVersion: 6
  m_Component:
  - component: {fileID: 6764946689777726828}
  - component: {fileID: 6764946689777726825}
  - component: {fileID: 6764946689777726830}
  - component: {fileID: 6764946689777726831}
  m_Layer: 5
  m_Name: EmptySpace
  m_TagString: Untagged
  m_Icon: {fileID: 0}
  m_NavMeshLayer: 0
  m_StaticEditorFlags: 0
  m_IsActive: 1
--- !u!224 &6764946689777726828
RectTransform:
  m_ObjectHideFlags: 0
  m_CorrespondingSourceObject: {fileID: 0}
  m_PrefabInstance: {fileID: 0}
  m_PrefabAsset: {fileID: 0}
  m_GameObject: {fileID: 6764946689777726829}
  m_LocalRotation: {x: 0, y: 0, z: 0, w: 1}
  m_LocalPosition: {x: 0, y: 0, z: 0}
  m_LocalScale: {x: 1, y: 1, z: 1}
  m_Children: []
  m_Father: {fileID: 6764946690958862708}
  m_RootOrder: 0
  m_LocalEulerAnglesHint: {x: 0, y: 0, z: 0}
  m_AnchorMin: {x: 0, y: 0}
  m_AnchorMax: {x: 0, y: 0}
  m_AnchoredPosition: {x: 0, y: 0}
  m_SizeDelta: {x: 0, y: 0}
  m_Pivot: {x: 0.5, y: 0.5}
--- !u!222 &6764946689777726825
CanvasRenderer:
  m_ObjectHideFlags: 0
  m_CorrespondingSourceObject: {fileID: 0}
  m_PrefabInstance: {fileID: 0}
  m_PrefabAsset: {fileID: 0}
  m_GameObject: {fileID: 6764946689777726829}
  m_CullTransparentMesh: 0
--- !u!114 &6764946689777726830
MonoBehaviour:
  m_ObjectHideFlags: 0
  m_CorrespondingSourceObject: {fileID: 0}
  m_PrefabInstance: {fileID: 0}
  m_PrefabAsset: {fileID: 0}
  m_GameObject: {fileID: 6764946689777726829}
  m_Enabled: 1
  m_EditorHideFlags: 0
  m_Script: {fileID: 11500000, guid: fe87c0e1cc204ed48ad3b37840f39efc, type: 3}
  m_Name: 
  m_EditorClassIdentifier: 
  m_Material: {fileID: 0}
  m_Color: {r: 1, g: 1, b: 1, a: 0}
  m_RaycastTarget: 1
  m_Maskable: 1
  m_OnCullStateChanged:
    m_PersistentCalls:
      m_Calls: []
  m_Sprite: {fileID: 0}
  m_Type: 0
  m_PreserveAspect: 0
  m_FillCenter: 1
  m_FillMethod: 4
  m_FillAmount: 1
  m_FillClockwise: 1
  m_FillOrigin: 0
  m_UseSpriteMesh: 0
  m_PixelsPerUnitMultiplier: 1
--- !u!114 &6764946689777726831
MonoBehaviour:
  m_ObjectHideFlags: 0
  m_CorrespondingSourceObject: {fileID: 0}
  m_PrefabInstance: {fileID: 0}
  m_PrefabAsset: {fileID: 0}
  m_GameObject: {fileID: 6764946689777726829}
  m_Enabled: 1
  m_EditorHideFlags: 0
  m_Script: {fileID: 11500000, guid: 306cc8c2b49d7114eaa3623786fc2126, type: 3}
  m_Name: 
  m_EditorClassIdentifier: 
  m_IgnoreLayout: 0
  m_MinWidth: -1
  m_MinHeight: -1
  m_PreferredWidth: -1
  m_PreferredHeight: -1
  m_FlexibleWidth: -1
  m_FlexibleHeight: 1
  m_LayoutPriority: 1
--- !u!1 &6764946689983542086
GameObject:
  m_ObjectHideFlags: 0
  m_CorrespondingSourceObject: {fileID: 0}
  m_PrefabInstance: {fileID: 0}
  m_PrefabAsset: {fileID: 0}
  serializedVersion: 6
  m_Component:
  - component: {fileID: 6764946689983542081}
  - component: {fileID: 6764946689983542083}
  - component: {fileID: 6764946689983542080}
  - component: {fileID: 6764946689983542082}
  m_Layer: 5
  m_Name: ButtonPanel
  m_TagString: Untagged
  m_Icon: {fileID: 0}
  m_NavMeshLayer: 0
  m_StaticEditorFlags: 0
  m_IsActive: 1
--- !u!224 &6764946689983542081
RectTransform:
  m_ObjectHideFlags: 0
  m_CorrespondingSourceObject: {fileID: 0}
  m_PrefabInstance: {fileID: 0}
  m_PrefabAsset: {fileID: 0}
  m_GameObject: {fileID: 6764946689983542086}
  m_LocalRotation: {x: -0, y: -0, z: -0, w: 1}
  m_LocalPosition: {x: 0, y: 0, z: 0}
  m_LocalScale: {x: 1, y: 1, z: 1}
  m_Children:
  - {fileID: 6764946690958862708}
  - {fileID: 6764946690381181424}
  - {fileID: 6764946690462390653}
  m_Father: {fileID: 6764946690518537326}
  m_RootOrder: 0
  m_LocalEulerAnglesHint: {x: 0, y: 0, z: 0}
  m_AnchorMin: {x: 0.04, y: 0.045}
  m_AnchorMax: {x: 0.96, y: 0.85}
  m_AnchoredPosition: {x: 0, y: 0}
  m_SizeDelta: {x: 0, y: 0}
  m_Pivot: {x: 0.5, y: 0.5}
--- !u!222 &6764946689983542083
CanvasRenderer:
  m_ObjectHideFlags: 0
  m_CorrespondingSourceObject: {fileID: 0}
  m_PrefabInstance: {fileID: 0}
  m_PrefabAsset: {fileID: 0}
  m_GameObject: {fileID: 6764946689983542086}
  m_CullTransparentMesh: 0
--- !u!114 &6764946689983542080
MonoBehaviour:
  m_ObjectHideFlags: 0
  m_CorrespondingSourceObject: {fileID: 0}
  m_PrefabInstance: {fileID: 0}
  m_PrefabAsset: {fileID: 0}
  m_GameObject: {fileID: 6764946689983542086}
  m_Enabled: 1
  m_EditorHideFlags: 0
  m_Script: {fileID: 11500000, guid: fe87c0e1cc204ed48ad3b37840f39efc, type: 3}
  m_Name: 
  m_EditorClassIdentifier: 
  m_Material: {fileID: 0}
  m_Color: {r: 1, g: 1, b: 1, a: 0}
  m_RaycastTarget: 1
  m_Maskable: 1
  m_OnCullStateChanged:
    m_PersistentCalls:
      m_Calls: []
  m_Sprite: {fileID: 0}
  m_Type: 1
  m_PreserveAspect: 0
  m_FillCenter: 1
  m_FillMethod: 4
  m_FillAmount: 1
  m_FillClockwise: 1
  m_FillOrigin: 0
  m_UseSpriteMesh: 0
  m_PixelsPerUnitMultiplier: 1
--- !u!114 &6764946689983542082
MonoBehaviour:
  m_ObjectHideFlags: 0
  m_CorrespondingSourceObject: {fileID: 0}
  m_PrefabInstance: {fileID: 0}
  m_PrefabAsset: {fileID: 0}
  m_GameObject: {fileID: 6764946689983542086}
  m_Enabled: 1
  m_EditorHideFlags: 0
  m_Script: {fileID: 11500000, guid: 30649d3a9faa99c48a7b1166b86bf2a0, type: 3}
  m_Name: 
  m_EditorClassIdentifier: 
  m_Padding:
    m_Left: 0
    m_Right: 0
    m_Top: 0
    m_Bottom: 0
  m_ChildAlignment: 3
  m_Spacing: 0
  m_ChildForceExpandWidth: 1
  m_ChildForceExpandHeight: 1
  m_ChildControlWidth: 1
  m_ChildControlHeight: 1
  m_ChildScaleWidth: 0
  m_ChildScaleHeight: 0
--- !u!1 &6764946690381181425
GameObject:
  m_ObjectHideFlags: 0
  m_CorrespondingSourceObject: {fileID: 0}
  m_PrefabInstance: {fileID: 0}
  m_PrefabAsset: {fileID: 0}
  serializedVersion: 6
  m_Component:
  - component: {fileID: 6764946690381181424}
  - component: {fileID: 6764946690381181197}
  - component: {fileID: 6764946690381181426}
  - component: {fileID: 6764946690381181427}
  - component: {fileID: 6764946690381181196}
  m_Layer: 5
  m_Name: Column2Panel
  m_TagString: Untagged
  m_Icon: {fileID: 0}
  m_NavMeshLayer: 0
  m_StaticEditorFlags: 0
  m_IsActive: 1
--- !u!224 &6764946690381181424
RectTransform:
  m_ObjectHideFlags: 0
  m_CorrespondingSourceObject: {fileID: 0}
  m_PrefabInstance: {fileID: 0}
  m_PrefabAsset: {fileID: 0}
  m_GameObject: {fileID: 6764946690381181425}
  m_LocalRotation: {x: 0, y: 0, z: 0, w: 1}
  m_LocalPosition: {x: 0, y: 0, z: 0}
  m_LocalScale: {x: 1, y: 1, z: 1}
  m_Children:
  - {fileID: 5854958974271069257}
  m_Father: {fileID: 6764946689983542081}
  m_RootOrder: 1
  m_LocalEulerAnglesHint: {x: 0, y: 0, z: 0}
  m_AnchorMin: {x: 0, y: 0}
  m_AnchorMax: {x: 0, y: 0}
  m_AnchoredPosition: {x: 0, y: 0}
  m_SizeDelta: {x: 0, y: 0}
  m_Pivot: {x: 0.5, y: 0.5}
--- !u!222 &6764946690381181197
CanvasRenderer:
  m_ObjectHideFlags: 0
  m_CorrespondingSourceObject: {fileID: 0}
  m_PrefabInstance: {fileID: 0}
  m_PrefabAsset: {fileID: 0}
  m_GameObject: {fileID: 6764946690381181425}
  m_CullTransparentMesh: 0
--- !u!114 &6764946690381181426
MonoBehaviour:
  m_ObjectHideFlags: 0
  m_CorrespondingSourceObject: {fileID: 0}
  m_PrefabInstance: {fileID: 0}
  m_PrefabAsset: {fileID: 0}
  m_GameObject: {fileID: 6764946690381181425}
  m_Enabled: 1
  m_EditorHideFlags: 0
  m_Script: {fileID: 11500000, guid: fe87c0e1cc204ed48ad3b37840f39efc, type: 3}
  m_Name: 
  m_EditorClassIdentifier: 
  m_Material: {fileID: 0}
  m_Color: {r: 1, g: 1, b: 1, a: 0}
  m_RaycastTarget: 1
  m_Maskable: 1
  m_OnCullStateChanged:
    m_PersistentCalls:
      m_Calls: []
  m_Sprite: {fileID: 0}
  m_Type: 1
  m_PreserveAspect: 0
  m_FillCenter: 1
  m_FillMethod: 4
  m_FillAmount: 1
  m_FillClockwise: 1
  m_FillOrigin: 0
  m_UseSpriteMesh: 0
  m_PixelsPerUnitMultiplier: 1
--- !u!114 &6764946690381181427
MonoBehaviour:
  m_ObjectHideFlags: 0
  m_CorrespondingSourceObject: {fileID: 0}
  m_PrefabInstance: {fileID: 0}
  m_PrefabAsset: {fileID: 0}
  m_GameObject: {fileID: 6764946690381181425}
  m_Enabled: 1
  m_EditorHideFlags: 0
  m_Script: {fileID: 11500000, guid: 306cc8c2b49d7114eaa3623786fc2126, type: 3}
  m_Name: 
  m_EditorClassIdentifier: 
  m_IgnoreLayout: 0
  m_MinWidth: -1
  m_MinHeight: -1
  m_PreferredWidth: -1
  m_PreferredHeight: -1
  m_FlexibleWidth: 1
  m_FlexibleHeight: -1
  m_LayoutPriority: 1
--- !u!114 &6764946690381181196
MonoBehaviour:
  m_ObjectHideFlags: 0
  m_CorrespondingSourceObject: {fileID: 0}
  m_PrefabInstance: {fileID: 0}
  m_PrefabAsset: {fileID: 0}
  m_GameObject: {fileID: 6764946690381181425}
  m_Enabled: 1
  m_EditorHideFlags: 0
  m_Script: {fileID: 11500000, guid: 59f8146938fff824cb5fd77236b75775, type: 3}
  m_Name: 
  m_EditorClassIdentifier: 
  m_Padding:
    m_Left: 0
    m_Right: 0
    m_Top: 0
    m_Bottom: 0
  m_ChildAlignment: 0
  m_Spacing: 0
  m_ChildForceExpandWidth: 1
  m_ChildForceExpandHeight: 1
  m_ChildControlWidth: 1
  m_ChildControlHeight: 1
  m_ChildScaleWidth: 0
  m_ChildScaleHeight: 0
--- !u!1 &6764946690462390626
GameObject:
  m_ObjectHideFlags: 0
  m_CorrespondingSourceObject: {fileID: 0}
  m_PrefabInstance: {fileID: 0}
  m_PrefabAsset: {fileID: 0}
  serializedVersion: 6
  m_Component:
  - component: {fileID: 6764946690462390653}
  - component: {fileID: 6764946690462390654}
  - component: {fileID: 6764946690462390655}
  - component: {fileID: 6764946690462390652}
  - component: {fileID: 6764946690462390649}
  m_Layer: 5
  m_Name: Column3Panel
  m_TagString: Untagged
  m_Icon: {fileID: 0}
  m_NavMeshLayer: 0
  m_StaticEditorFlags: 0
  m_IsActive: 1
--- !u!224 &6764946690462390653
RectTransform:
  m_ObjectHideFlags: 0
  m_CorrespondingSourceObject: {fileID: 0}
  m_PrefabInstance: {fileID: 0}
  m_PrefabAsset: {fileID: 0}
  m_GameObject: {fileID: 6764946690462390626}
  m_LocalRotation: {x: 0, y: 0, z: 0, w: 1}
  m_LocalPosition: {x: 0, y: 0, z: 0}
  m_LocalScale: {x: 1, y: 1, z: 1}
  m_Children:
  - {fileID: 5854958974972480197}
  - {fileID: 5854958975924501259}
  m_Father: {fileID: 6764946689983542081}
  m_RootOrder: 2
  m_LocalEulerAnglesHint: {x: 0, y: 0, z: 0}
  m_AnchorMin: {x: 0, y: 0}
  m_AnchorMax: {x: 0, y: 0}
  m_AnchoredPosition: {x: 0, y: 0}
  m_SizeDelta: {x: 0, y: 0}
  m_Pivot: {x: 0.5, y: 0.5}
--- !u!222 &6764946690462390654
CanvasRenderer:
  m_ObjectHideFlags: 0
  m_CorrespondingSourceObject: {fileID: 0}
  m_PrefabInstance: {fileID: 0}
  m_PrefabAsset: {fileID: 0}
  m_GameObject: {fileID: 6764946690462390626}
  m_CullTransparentMesh: 0
--- !u!114 &6764946690462390655
MonoBehaviour:
  m_ObjectHideFlags: 0
  m_CorrespondingSourceObject: {fileID: 0}
  m_PrefabInstance: {fileID: 0}
  m_PrefabAsset: {fileID: 0}
  m_GameObject: {fileID: 6764946690462390626}
  m_Enabled: 1
  m_EditorHideFlags: 0
  m_Script: {fileID: 11500000, guid: fe87c0e1cc204ed48ad3b37840f39efc, type: 3}
  m_Name: 
  m_EditorClassIdentifier: 
  m_Material: {fileID: 0}
  m_Color: {r: 1, g: 1, b: 1, a: 0}
  m_RaycastTarget: 1
  m_Maskable: 1
  m_OnCullStateChanged:
    m_PersistentCalls:
      m_Calls: []
  m_Sprite: {fileID: 0}
  m_Type: 1
  m_PreserveAspect: 0
  m_FillCenter: 1
  m_FillMethod: 4
  m_FillAmount: 1
  m_FillClockwise: 1
  m_FillOrigin: 0
  m_UseSpriteMesh: 0
  m_PixelsPerUnitMultiplier: 1
--- !u!114 &6764946690462390652
MonoBehaviour:
  m_ObjectHideFlags: 0
  m_CorrespondingSourceObject: {fileID: 0}
  m_PrefabInstance: {fileID: 0}
  m_PrefabAsset: {fileID: 0}
  m_GameObject: {fileID: 6764946690462390626}
  m_Enabled: 1
  m_EditorHideFlags: 0
  m_Script: {fileID: 11500000, guid: 306cc8c2b49d7114eaa3623786fc2126, type: 3}
  m_Name: 
  m_EditorClassIdentifier: 
  m_IgnoreLayout: 0
  m_MinWidth: -1
  m_MinHeight: -1
  m_PreferredWidth: -1
  m_PreferredHeight: -1
  m_FlexibleWidth: 1
  m_FlexibleHeight: -1
  m_LayoutPriority: 1
--- !u!114 &6764946690462390649
MonoBehaviour:
  m_ObjectHideFlags: 0
  m_CorrespondingSourceObject: {fileID: 0}
  m_PrefabInstance: {fileID: 0}
  m_PrefabAsset: {fileID: 0}
  m_GameObject: {fileID: 6764946690462390626}
  m_Enabled: 1
  m_EditorHideFlags: 0
  m_Script: {fileID: 11500000, guid: 59f8146938fff824cb5fd77236b75775, type: 3}
  m_Name: 
  m_EditorClassIdentifier: 
  m_Padding:
    m_Left: 0
    m_Right: 0
    m_Top: 0
    m_Bottom: 0
  m_ChildAlignment: 0
  m_Spacing: 0
  m_ChildForceExpandWidth: 1
  m_ChildForceExpandHeight: 1
  m_ChildControlWidth: 1
  m_ChildControlHeight: 1
  m_ChildScaleWidth: 0
  m_ChildScaleHeight: 0
--- !u!1 &6764946690518537327
GameObject:
  m_ObjectHideFlags: 0
  m_CorrespondingSourceObject: {fileID: 0}
  m_PrefabInstance: {fileID: 0}
  m_PrefabAsset: {fileID: 0}
  serializedVersion: 6
  m_Component:
  - component: {fileID: 6764946690518537326}
  - component: {fileID: 6764946690518537320}
  - component: {fileID: 6764946690518537321}
  - component: {fileID: 7007458883570477880}
  m_Layer: 5
  m_Name: MainMenuScene
  m_TagString: Untagged
  m_Icon: {fileID: 0}
  m_NavMeshLayer: 0
  m_StaticEditorFlags: 0
  m_IsActive: 1
--- !u!224 &6764946690518537326
RectTransform:
  m_ObjectHideFlags: 0
  m_CorrespondingSourceObject: {fileID: 0}
  m_PrefabInstance: {fileID: 0}
  m_PrefabAsset: {fileID: 0}
  m_GameObject: {fileID: 6764946690518537327}
  m_LocalRotation: {x: 0, y: 0, z: 0, w: 1}
  m_LocalPosition: {x: 0, y: 0, z: 0}
  m_LocalScale: {x: 1, y: 1, z: 1}
  m_Children:
  - {fileID: 6764946689983542081}
  - {fileID: 831412141722812844}
  m_Father: {fileID: 0}
  m_RootOrder: 0
  m_LocalEulerAnglesHint: {x: 0, y: 0, z: 0}
  m_AnchorMin: {x: 0, y: 0}
  m_AnchorMax: {x: 1, y: 1}
  m_AnchoredPosition: {x: 0, y: 0}
  m_SizeDelta: {x: 0, y: 0}
  m_Pivot: {x: 0.5, y: 0.5}
--- !u!223 &6764946690518537320
Canvas:
  m_ObjectHideFlags: 0
  m_CorrespondingSourceObject: {fileID: 0}
  m_PrefabInstance: {fileID: 0}
  m_PrefabAsset: {fileID: 0}
  m_GameObject: {fileID: 6764946690518537327}
  m_Enabled: 1
  serializedVersion: 3
  m_RenderMode: 0
  m_Camera: {fileID: 0}
  m_PlaneDistance: 100
  m_PixelPerfect: 0
  m_ReceivesEvents: 1
  m_OverrideSorting: 0
  m_OverridePixelPerfect: 0
  m_SortingBucketNormalizedSize: 0
  m_AdditionalShaderChannelsFlag: 0
  m_SortingLayerID: 0
  m_SortingOrder: 0
  m_TargetDisplay: 0
--- !u!114 &6764946690518537321
MonoBehaviour:
  m_ObjectHideFlags: 0
  m_CorrespondingSourceObject: {fileID: 0}
  m_PrefabInstance: {fileID: 0}
  m_PrefabAsset: {fileID: 0}
  m_GameObject: {fileID: 6764946690518537327}
  m_Enabled: 1
  m_EditorHideFlags: 0
  m_Script: {fileID: 11500000, guid: dc42784cf147c0c48a680349fa168899, type: 3}
  m_Name: 
  m_EditorClassIdentifier: 
  m_IgnoreReversedGraphics: 1
  m_BlockingObjects: 0
  m_BlockingMask:
    serializedVersion: 2
    m_Bits: 4294967295
--- !u!114 &7007458883570477880
MonoBehaviour:
  m_ObjectHideFlags: 0
  m_CorrespondingSourceObject: {fileID: 0}
  m_PrefabInstance: {fileID: 0}
  m_PrefabAsset: {fileID: 0}
  m_GameObject: {fileID: 6764946690518537327}
  m_Enabled: 1
  m_EditorHideFlags: 0
  m_Script: {fileID: 11500000, guid: c34b6283657414ec7adc2f4d172fc0e1, type: 3}
  m_Name: 
  m_EditorClassIdentifier: 
  sceneData:
    sceneTitle: Main
    sceneSubtitle: Menu
    leftAction: 0
    rightAction: 0
    topButtonActionContainer: {fileID: 0}
    hideBluetoothButton: 0
  programmingModeButton: {fileID: 5854958974271069259}
  programmingModeScene: {fileID: 4487892370926632022, guid: eebe425bf681742678523de2df0d3889,
    type: 3}
  settingsButton: {fileID: 5854958975924501257}
  settingsScene: {fileID: 3349066331988216013, guid: b5a4af7732a56494aa736525ee1a2e2c,
    type: 3}
  dancingModeButton: {fileID: 5854958974108329748}
  dancingModeScene: {fileID: 4216599565309413984, guid: 2d2d892f712d14fdf9169749fb375ede,
    type: 3}
  realtimeModeButton: {fileID: 5854958974972480199}
  realtimeModeScene: {fileID: 8325269263456605951, guid: ec33dde784d584e998e417f7ec93ee58,
    type: 3}
  gyrosModeButton: {fileID: 5854958975811456952}
  gyrosModeScene: {fileID: 4164677884062684203, guid: 3dc3f9711165349478fea0a4836b30a3,
    type: 3}
--- !u!1 &6764946690958862709
GameObject:
  m_ObjectHideFlags: 0
  m_CorrespondingSourceObject: {fileID: 0}
  m_PrefabInstance: {fileID: 0}
  m_PrefabAsset: {fileID: 0}
  serializedVersion: 6
  m_Component:
  - component: {fileID: 6764946690958862708}
  - component: {fileID: 6764946690958862705}
  - component: {fileID: 6764946690958862710}
  - component: {fileID: 6764946690958862711}
  - component: {fileID: 6764946690958862704}
  m_Layer: 5
  m_Name: Column1Panel
  m_TagString: Untagged
  m_Icon: {fileID: 0}
  m_NavMeshLayer: 0
  m_StaticEditorFlags: 0
  m_IsActive: 1
--- !u!224 &6764946690958862708
RectTransform:
  m_ObjectHideFlags: 0
  m_CorrespondingSourceObject: {fileID: 0}
  m_PrefabInstance: {fileID: 0}
  m_PrefabAsset: {fileID: 0}
  m_GameObject: {fileID: 6764946690958862709}
  m_LocalRotation: {x: 0, y: 0, z: 0, w: 1}
  m_LocalPosition: {x: 0, y: 0, z: 0}
  m_LocalScale: {x: 1, y: 1, z: 1}
  m_Children:
  - {fileID: 6764946689777726828}
  - {fileID: 5854958975811456954}
  - {fileID: 5854958974108329750}
  m_Father: {fileID: 6764946689983542081}
  m_RootOrder: 0
  m_LocalEulerAnglesHint: {x: 0, y: 0, z: 0}
  m_AnchorMin: {x: 0, y: 0}
  m_AnchorMax: {x: 0, y: 0}
  m_AnchoredPosition: {x: 0, y: 0}
  m_SizeDelta: {x: 0, y: 0}
  m_Pivot: {x: 0.5, y: 0.5}
--- !u!222 &6764946690958862705
CanvasRenderer:
  m_ObjectHideFlags: 0
  m_CorrespondingSourceObject: {fileID: 0}
  m_PrefabInstance: {fileID: 0}
  m_PrefabAsset: {fileID: 0}
  m_GameObject: {fileID: 6764946690958862709}
  m_CullTransparentMesh: 0
--- !u!114 &6764946690958862710
MonoBehaviour:
  m_ObjectHideFlags: 0
  m_CorrespondingSourceObject: {fileID: 0}
  m_PrefabInstance: {fileID: 0}
  m_PrefabAsset: {fileID: 0}
  m_GameObject: {fileID: 6764946690958862709}
  m_Enabled: 1
  m_EditorHideFlags: 0
  m_Script: {fileID: 11500000, guid: fe87c0e1cc204ed48ad3b37840f39efc, type: 3}
  m_Name: 
  m_EditorClassIdentifier: 
  m_Material: {fileID: 0}
  m_Color: {r: 1, g: 1, b: 1, a: 0}
  m_RaycastTarget: 1
  m_Maskable: 1
  m_OnCullStateChanged:
    m_PersistentCalls:
      m_Calls: []
  m_Sprite: {fileID: 0}
  m_Type: 1
  m_PreserveAspect: 0
  m_FillCenter: 1
  m_FillMethod: 4
  m_FillAmount: 1
  m_FillClockwise: 1
  m_FillOrigin: 0
  m_UseSpriteMesh: 0
  m_PixelsPerUnitMultiplier: 1
--- !u!114 &6764946690958862711
MonoBehaviour:
  m_ObjectHideFlags: 0
  m_CorrespondingSourceObject: {fileID: 0}
  m_PrefabInstance: {fileID: 0}
  m_PrefabAsset: {fileID: 0}
  m_GameObject: {fileID: 6764946690958862709}
  m_Enabled: 1
  m_EditorHideFlags: 0
  m_Script: {fileID: 11500000, guid: 306cc8c2b49d7114eaa3623786fc2126, type: 3}
  m_Name: 
  m_EditorClassIdentifier: 
  m_IgnoreLayout: 0
  m_MinWidth: -1
  m_MinHeight: -1
  m_PreferredWidth: -1
  m_PreferredHeight: -1
  m_FlexibleWidth: 2
  m_FlexibleHeight: -1
  m_LayoutPriority: 1
--- !u!114 &6764946690958862704
MonoBehaviour:
  m_ObjectHideFlags: 0
  m_CorrespondingSourceObject: {fileID: 0}
  m_PrefabInstance: {fileID: 0}
  m_PrefabAsset: {fileID: 0}
  m_GameObject: {fileID: 6764946690958862709}
  m_Enabled: 1
  m_EditorHideFlags: 0
  m_Script: {fileID: 11500000, guid: 59f8146938fff824cb5fd77236b75775, type: 3}
  m_Name: 
  m_EditorClassIdentifier: 
  m_Padding:
    m_Left: 0
    m_Right: 0
    m_Top: 0
    m_Bottom: 0
  m_ChildAlignment: 0
  m_Spacing: 0
  m_ChildForceExpandWidth: 1
  m_ChildForceExpandHeight: 1
  m_ChildControlWidth: 1
  m_ChildControlHeight: 1
  m_ChildScaleWidth: 0
  m_ChildScaleHeight: 0
--- !u!1 &9074584600545428210
GameObject:
  m_ObjectHideFlags: 0
  m_CorrespondingSourceObject: {fileID: 0}
  m_PrefabInstance: {fileID: 0}
  m_PrefabAsset: {fileID: 0}
  serializedVersion: 6
  m_Component:
  - component: {fileID: 831412141722812844}
  - component: {fileID: 2236203881667312788}
  - component: {fileID: 6470218719017904016}
  m_Layer: 5
  m_Name: Logo
  m_TagString: Untagged
  m_Icon: {fileID: 0}
  m_NavMeshLayer: 0
  m_StaticEditorFlags: 0
  m_IsActive: 1
--- !u!224 &831412141722812844
RectTransform:
  m_ObjectHideFlags: 0
  m_CorrespondingSourceObject: {fileID: 0}
  m_PrefabInstance: {fileID: 0}
  m_PrefabAsset: {fileID: 0}
  m_GameObject: {fileID: 9074584600545428210}
  m_LocalRotation: {x: -0, y: -0, z: -0, w: 1}
  m_LocalPosition: {x: 0, y: 0, z: 0}
  m_LocalScale: {x: 1, y: 1, z: 1}
  m_Children: []
  m_Father: {fileID: 6764946690518537326}
  m_RootOrder: 1
  m_LocalEulerAnglesHint: {x: 0, y: 0, z: 0}
  m_AnchorMin: {x: 0.04, y: 0.5814427}
  m_AnchorMax: {x: 0.5, y: 0.957}
  m_AnchoredPosition: {x: 0, y: 0}
  m_SizeDelta: {x: 0, y: 0}
  m_Pivot: {x: 0.5, y: 0.5}
--- !u!222 &2236203881667312788
CanvasRenderer:
  m_ObjectHideFlags: 0
  m_CorrespondingSourceObject: {fileID: 0}
  m_PrefabInstance: {fileID: 0}
  m_PrefabAsset: {fileID: 0}
  m_GameObject: {fileID: 9074584600545428210}
  m_CullTransparentMesh: 0
--- !u!114 &6470218719017904016
MonoBehaviour:
  m_ObjectHideFlags: 0
  m_CorrespondingSourceObject: {fileID: 0}
  m_PrefabInstance: {fileID: 0}
  m_PrefabAsset: {fileID: 0}
  m_GameObject: {fileID: 9074584600545428210}
  m_Enabled: 1
  m_EditorHideFlags: 0
  m_Script: {fileID: 11500000, guid: fe87c0e1cc204ed48ad3b37840f39efc, type: 3}
  m_Name: 
  m_EditorClassIdentifier: 
  m_Material: {fileID: 0}
  m_Color: {r: 1, g: 1, b: 1, a: 1}
  m_RaycastTarget: 1
  m_Maskable: 1
  m_OnCullStateChanged:
    m_PersistentCalls:
      m_Calls: []
  m_Sprite: {fileID: 21300000, guid: 5cc823a344dc12247a6ca92c399d40b4, type: 3}
  m_Type: 0
  m_PreserveAspect: 1
  m_FillCenter: 1
  m_FillMethod: 4
  m_FillAmount: 1
  m_FillClockwise: 1
  m_FillOrigin: 0
  m_UseSpriteMesh: 0
  m_PixelsPerUnitMultiplier: 1
--- !u!1001 &6992654080971505594
PrefabInstance:
  m_ObjectHideFlags: 0
  serializedVersion: 2
  m_Modification:
    m_TransformParent: {fileID: 6764946690462390653}
    m_Modifications:
    - target: {fileID: 3479624432061101434, guid: 7753360b8cddde34eb187a1f61e3480b,
        type: 3}
      propertyPath: m_Color.r
      value: 0.26666668
      objectReference: {fileID: 0}
    - target: {fileID: 3479624432061101434, guid: 7753360b8cddde34eb187a1f61e3480b,
        type: 3}
      propertyPath: m_Color.g
      value: 0.56078434
      objectReference: {fileID: 0}
    - target: {fileID: 3479624432061101434, guid: 7753360b8cddde34eb187a1f61e3480b,
        type: 3}
      propertyPath: m_Color.b
      value: 0.54509807
      objectReference: {fileID: 0}
    - target: {fileID: 3479624432061101436, guid: 7753360b8cddde34eb187a1f61e3480b,
        type: 3}
      propertyPath: m_FlexibleHeight
      value: 2
      objectReference: {fileID: 0}
    - target: {fileID: 3479624432061101438, guid: 7753360b8cddde34eb187a1f61e3480b,
        type: 3}
      propertyPath: m_Name
      value: RTModeButton
      objectReference: {fileID: 0}
    - target: {fileID: 3479624432061101439, guid: 7753360b8cddde34eb187a1f61e3480b,
        type: 3}
      propertyPath: m_LocalPosition.x
      value: 0
      objectReference: {fileID: 0}
    - target: {fileID: 3479624432061101439, guid: 7753360b8cddde34eb187a1f61e3480b,
        type: 3}
      propertyPath: m_LocalPosition.y
      value: 0
      objectReference: {fileID: 0}
    - target: {fileID: 3479624432061101439, guid: 7753360b8cddde34eb187a1f61e3480b,
        type: 3}
      propertyPath: m_LocalPosition.z
      value: 0
      objectReference: {fileID: 0}
    - target: {fileID: 3479624432061101439, guid: 7753360b8cddde34eb187a1f61e3480b,
        type: 3}
      propertyPath: m_LocalRotation.x
      value: 0
      objectReference: {fileID: 0}
    - target: {fileID: 3479624432061101439, guid: 7753360b8cddde34eb187a1f61e3480b,
        type: 3}
      propertyPath: m_LocalRotation.y
      value: 0
      objectReference: {fileID: 0}
    - target: {fileID: 3479624432061101439, guid: 7753360b8cddde34eb187a1f61e3480b,
        type: 3}
      propertyPath: m_LocalRotation.z
      value: 0
      objectReference: {fileID: 0}
    - target: {fileID: 3479624432061101439, guid: 7753360b8cddde34eb187a1f61e3480b,
        type: 3}
      propertyPath: m_LocalRotation.w
      value: 1
      objectReference: {fileID: 0}
    - target: {fileID: 3479624432061101439, guid: 7753360b8cddde34eb187a1f61e3480b,
        type: 3}
      propertyPath: m_RootOrder
      value: 0
      objectReference: {fileID: 0}
    - target: {fileID: 3479624432061101439, guid: 7753360b8cddde34eb187a1f61e3480b,
        type: 3}
      propertyPath: m_LocalEulerAnglesHint.x
      value: 0
      objectReference: {fileID: 0}
    - target: {fileID: 3479624432061101439, guid: 7753360b8cddde34eb187a1f61e3480b,
        type: 3}
      propertyPath: m_LocalEulerAnglesHint.y
      value: 0
      objectReference: {fileID: 0}
    - target: {fileID: 3479624432061101439, guid: 7753360b8cddde34eb187a1f61e3480b,
        type: 3}
      propertyPath: m_LocalEulerAnglesHint.z
      value: 0
      objectReference: {fileID: 0}
    - target: {fileID: 3479624432061101439, guid: 7753360b8cddde34eb187a1f61e3480b,
        type: 3}
      propertyPath: m_AnchoredPosition.x
      value: 0
      objectReference: {fileID: 0}
    - target: {fileID: 3479624432061101439, guid: 7753360b8cddde34eb187a1f61e3480b,
        type: 3}
      propertyPath: m_AnchoredPosition.y
      value: 0
      objectReference: {fileID: 0}
    - target: {fileID: 3479624432061101439, guid: 7753360b8cddde34eb187a1f61e3480b,
        type: 3}
      propertyPath: m_SizeDelta.x
      value: 0
      objectReference: {fileID: 0}
    - target: {fileID: 3479624432061101439, guid: 7753360b8cddde34eb187a1f61e3480b,
        type: 3}
      propertyPath: m_SizeDelta.y
      value: 0
      objectReference: {fileID: 0}
    - target: {fileID: 3479624432061101439, guid: 7753360b8cddde34eb187a1f61e3480b,
        type: 3}
      propertyPath: m_AnchorMin.x
      value: 0
      objectReference: {fileID: 0}
    - target: {fileID: 3479624432061101439, guid: 7753360b8cddde34eb187a1f61e3480b,
        type: 3}
      propertyPath: m_AnchorMin.y
      value: 0
      objectReference: {fileID: 0}
    - target: {fileID: 3479624432061101439, guid: 7753360b8cddde34eb187a1f61e3480b,
        type: 3}
      propertyPath: m_AnchorMax.x
      value: 0
      objectReference: {fileID: 0}
    - target: {fileID: 3479624432061101439, guid: 7753360b8cddde34eb187a1f61e3480b,
        type: 3}
      propertyPath: m_AnchorMax.y
      value: 0
      objectReference: {fileID: 0}
    - target: {fileID: 3479624432061101439, guid: 7753360b8cddde34eb187a1f61e3480b,
        type: 3}
      propertyPath: m_Pivot.x
      value: 0.5
      objectReference: {fileID: 0}
    - target: {fileID: 3479624432061101439, guid: 7753360b8cddde34eb187a1f61e3480b,
        type: 3}
      propertyPath: m_Pivot.y
      value: 0.5
      objectReference: {fileID: 0}
    - target: {fileID: 3479624432112166304, guid: 7753360b8cddde34eb187a1f61e3480b,
        type: 3}
      propertyPath: m_Text
      value: Real Time
      objectReference: {fileID: 0}
    - target: {fileID: 6684861521600548294, guid: 7753360b8cddde34eb187a1f61e3480b,
        type: 3}
      propertyPath: m_Text
      value: MODE
      objectReference: {fileID: 0}
    m_RemovedComponents: []
  m_SourcePrefab: {fileID: 100100000, guid: 7753360b8cddde34eb187a1f61e3480b, type: 3}
--- !u!114 &5854958974972480199 stripped
MonoBehaviour:
  m_CorrespondingSourceObject: {fileID: 3479624432061101437, guid: 7753360b8cddde34eb187a1f61e3480b,
    type: 3}
  m_PrefabInstance: {fileID: 6992654080971505594}
  m_PrefabAsset: {fileID: 0}
  m_GameObject: {fileID: 0}
  m_Enabled: 1
  m_EditorHideFlags: 0
  m_Script: {fileID: 11500000, guid: 4e29b1a8efbd4b44bb3f3716e73f07ff, type: 3}
  m_Name: 
  m_EditorClassIdentifier: 
--- !u!224 &5854958974972480197 stripped
RectTransform:
  m_CorrespondingSourceObject: {fileID: 3479624432061101439, guid: 7753360b8cddde34eb187a1f61e3480b,
    type: 3}
  m_PrefabInstance: {fileID: 6992654080971505594}
  m_PrefabAsset: {fileID: 0}
--- !u!1001 &6992654081734201961
PrefabInstance:
  m_ObjectHideFlags: 0
  serializedVersion: 2
  m_Modification:
    m_TransformParent: {fileID: 6764946690958862708}
    m_Modifications:
    - target: {fileID: 3479624432061101434, guid: 7753360b8cddde34eb187a1f61e3480b,
        type: 3}
      propertyPath: m_Color.r
      value: 0.454902
      objectReference: {fileID: 0}
    - target: {fileID: 3479624432061101434, guid: 7753360b8cddde34eb187a1f61e3480b,
        type: 3}
      propertyPath: m_Color.g
      value: 0.60784316
      objectReference: {fileID: 0}
    - target: {fileID: 3479624432061101434, guid: 7753360b8cddde34eb187a1f61e3480b,
        type: 3}
      propertyPath: m_Color.b
      value: 0.3137255
      objectReference: {fileID: 0}
    - target: {fileID: 3479624432061101438, guid: 7753360b8cddde34eb187a1f61e3480b,
        type: 3}
      propertyPath: m_Name
      value: DancingModeButton
      objectReference: {fileID: 0}
    - target: {fileID: 3479624432061101439, guid: 7753360b8cddde34eb187a1f61e3480b,
        type: 3}
      propertyPath: m_LocalPosition.x
      value: 0
      objectReference: {fileID: 0}
    - target: {fileID: 3479624432061101439, guid: 7753360b8cddde34eb187a1f61e3480b,
        type: 3}
      propertyPath: m_LocalPosition.y
      value: 0
      objectReference: {fileID: 0}
    - target: {fileID: 3479624432061101439, guid: 7753360b8cddde34eb187a1f61e3480b,
        type: 3}
      propertyPath: m_LocalPosition.z
      value: 0
      objectReference: {fileID: 0}
    - target: {fileID: 3479624432061101439, guid: 7753360b8cddde34eb187a1f61e3480b,
        type: 3}
      propertyPath: m_LocalRotation.x
      value: 0
      objectReference: {fileID: 0}
    - target: {fileID: 3479624432061101439, guid: 7753360b8cddde34eb187a1f61e3480b,
        type: 3}
      propertyPath: m_LocalRotation.y
      value: 0
      objectReference: {fileID: 0}
    - target: {fileID: 3479624432061101439, guid: 7753360b8cddde34eb187a1f61e3480b,
        type: 3}
      propertyPath: m_LocalRotation.z
      value: 0
      objectReference: {fileID: 0}
    - target: {fileID: 3479624432061101439, guid: 7753360b8cddde34eb187a1f61e3480b,
        type: 3}
      propertyPath: m_LocalRotation.w
      value: 1
      objectReference: {fileID: 0}
    - target: {fileID: 3479624432061101439, guid: 7753360b8cddde34eb187a1f61e3480b,
        type: 3}
      propertyPath: m_RootOrder
      value: 2
      objectReference: {fileID: 0}
    - target: {fileID: 3479624432061101439, guid: 7753360b8cddde34eb187a1f61e3480b,
        type: 3}
      propertyPath: m_LocalEulerAnglesHint.x
      value: 0
      objectReference: {fileID: 0}
    - target: {fileID: 3479624432061101439, guid: 7753360b8cddde34eb187a1f61e3480b,
        type: 3}
      propertyPath: m_LocalEulerAnglesHint.y
      value: 0
      objectReference: {fileID: 0}
    - target: {fileID: 3479624432061101439, guid: 7753360b8cddde34eb187a1f61e3480b,
        type: 3}
      propertyPath: m_LocalEulerAnglesHint.z
      value: 0
      objectReference: {fileID: 0}
    - target: {fileID: 3479624432061101439, guid: 7753360b8cddde34eb187a1f61e3480b,
        type: 3}
      propertyPath: m_AnchoredPosition.x
      value: 0
      objectReference: {fileID: 0}
    - target: {fileID: 3479624432061101439, guid: 7753360b8cddde34eb187a1f61e3480b,
        type: 3}
      propertyPath: m_AnchoredPosition.y
      value: 0
      objectReference: {fileID: 0}
    - target: {fileID: 3479624432061101439, guid: 7753360b8cddde34eb187a1f61e3480b,
        type: 3}
      propertyPath: m_SizeDelta.x
      value: 0
      objectReference: {fileID: 0}
    - target: {fileID: 3479624432061101439, guid: 7753360b8cddde34eb187a1f61e3480b,
        type: 3}
      propertyPath: m_SizeDelta.y
      value: 0
      objectReference: {fileID: 0}
    - target: {fileID: 3479624432061101439, guid: 7753360b8cddde34eb187a1f61e3480b,
        type: 3}
      propertyPath: m_AnchorMin.x
      value: 0
      objectReference: {fileID: 0}
    - target: {fileID: 3479624432061101439, guid: 7753360b8cddde34eb187a1f61e3480b,
        type: 3}
      propertyPath: m_AnchorMin.y
      value: 0
      objectReference: {fileID: 0}
    - target: {fileID: 3479624432061101439, guid: 7753360b8cddde34eb187a1f61e3480b,
        type: 3}
      propertyPath: m_AnchorMax.x
      value: 0
      objectReference: {fileID: 0}
    - target: {fileID: 3479624432061101439, guid: 7753360b8cddde34eb187a1f61e3480b,
        type: 3}
      propertyPath: m_AnchorMax.y
      value: 0
      objectReference: {fileID: 0}
    - target: {fileID: 3479624432061101439, guid: 7753360b8cddde34eb187a1f61e3480b,
        type: 3}
      propertyPath: m_Pivot.x
      value: 0.5
      objectReference: {fileID: 0}
    - target: {fileID: 3479624432061101439, guid: 7753360b8cddde34eb187a1f61e3480b,
        type: 3}
      propertyPath: m_Pivot.y
      value: 0.5
      objectReference: {fileID: 0}
    - target: {fileID: 3479624432112166304, guid: 7753360b8cddde34eb187a1f61e3480b,
        type: 3}
      propertyPath: m_Text
      value: DANCING
      objectReference: {fileID: 0}
    - target: {fileID: 6684861521600548294, guid: 7753360b8cddde34eb187a1f61e3480b,
        type: 3}
      propertyPath: m_Text
      value: MODE
      objectReference: {fileID: 0}
    m_RemovedComponents: []
  m_SourcePrefab: {fileID: 100100000, guid: 7753360b8cddde34eb187a1f61e3480b, type: 3}
--- !u!114 &5854958974108329748 stripped
MonoBehaviour:
  m_CorrespondingSourceObject: {fileID: 3479624432061101437, guid: 7753360b8cddde34eb187a1f61e3480b,
    type: 3}
  m_PrefabInstance: {fileID: 6992654081734201961}
  m_PrefabAsset: {fileID: 0}
  m_GameObject: {fileID: 0}
  m_Enabled: 1
  m_EditorHideFlags: 0
  m_Script: {fileID: 11500000, guid: 4e29b1a8efbd4b44bb3f3716e73f07ff, type: 3}
  m_Name: 
  m_EditorClassIdentifier: 
--- !u!224 &5854958974108329750 stripped
RectTransform:
  m_CorrespondingSourceObject: {fileID: 3479624432061101439, guid: 7753360b8cddde34eb187a1f61e3480b,
    type: 3}
  m_PrefabInstance: {fileID: 6992654081734201961}
  m_PrefabAsset: {fileID: 0}
--- !u!1001 &6992654081872111926
PrefabInstance:
  m_ObjectHideFlags: 0
  serializedVersion: 2
  m_Modification:
    m_TransformParent: {fileID: 6764946690381181424}
    m_Modifications:
    - target: {fileID: 3479624432061101434, guid: 7753360b8cddde34eb187a1f61e3480b,
        type: 3}
      propertyPath: m_Color.r
      value: 0.81568635
      objectReference: {fileID: 0}
    - target: {fileID: 3479624432061101434, guid: 7753360b8cddde34eb187a1f61e3480b,
        type: 3}
      propertyPath: m_Color.g
      value: 0.07058824
      objectReference: {fileID: 0}
    - target: {fileID: 3479624432061101434, guid: 7753360b8cddde34eb187a1f61e3480b,
        type: 3}
      propertyPath: m_Color.b
      value: 0.10196079
      objectReference: {fileID: 0}
    - target: {fileID: 3479624432061101438, guid: 7753360b8cddde34eb187a1f61e3480b,
        type: 3}
      propertyPath: m_Name
      value: ProgrammingButton
      objectReference: {fileID: 0}
    - target: {fileID: 3479624432061101439, guid: 7753360b8cddde34eb187a1f61e3480b,
        type: 3}
      propertyPath: m_LocalPosition.x
      value: 0
      objectReference: {fileID: 0}
    - target: {fileID: 3479624432061101439, guid: 7753360b8cddde34eb187a1f61e3480b,
        type: 3}
      propertyPath: m_LocalPosition.y
      value: 0
      objectReference: {fileID: 0}
    - target: {fileID: 3479624432061101439, guid: 7753360b8cddde34eb187a1f61e3480b,
        type: 3}
      propertyPath: m_LocalPosition.z
      value: 0
      objectReference: {fileID: 0}
    - target: {fileID: 3479624432061101439, guid: 7753360b8cddde34eb187a1f61e3480b,
        type: 3}
      propertyPath: m_LocalRotation.x
      value: 0
      objectReference: {fileID: 0}
    - target: {fileID: 3479624432061101439, guid: 7753360b8cddde34eb187a1f61e3480b,
        type: 3}
      propertyPath: m_LocalRotation.y
      value: 0
      objectReference: {fileID: 0}
    - target: {fileID: 3479624432061101439, guid: 7753360b8cddde34eb187a1f61e3480b,
        type: 3}
      propertyPath: m_LocalRotation.z
      value: 0
      objectReference: {fileID: 0}
    - target: {fileID: 3479624432061101439, guid: 7753360b8cddde34eb187a1f61e3480b,
        type: 3}
      propertyPath: m_LocalRotation.w
      value: 1
      objectReference: {fileID: 0}
    - target: {fileID: 3479624432061101439, guid: 7753360b8cddde34eb187a1f61e3480b,
        type: 3}
      propertyPath: m_RootOrder
      value: 0
      objectReference: {fileID: 0}
    - target: {fileID: 3479624432061101439, guid: 7753360b8cddde34eb187a1f61e3480b,
        type: 3}
      propertyPath: m_LocalEulerAnglesHint.x
      value: 0
      objectReference: {fileID: 0}
    - target: {fileID: 3479624432061101439, guid: 7753360b8cddde34eb187a1f61e3480b,
        type: 3}
      propertyPath: m_LocalEulerAnglesHint.y
      value: 0
      objectReference: {fileID: 0}
    - target: {fileID: 3479624432061101439, guid: 7753360b8cddde34eb187a1f61e3480b,
        type: 3}
      propertyPath: m_LocalEulerAnglesHint.z
      value: 0
      objectReference: {fileID: 0}
    - target: {fileID: 3479624432061101439, guid: 7753360b8cddde34eb187a1f61e3480b,
        type: 3}
      propertyPath: m_AnchoredPosition.x
      value: 0
      objectReference: {fileID: 0}
    - target: {fileID: 3479624432061101439, guid: 7753360b8cddde34eb187a1f61e3480b,
        type: 3}
      propertyPath: m_AnchoredPosition.y
      value: 0
      objectReference: {fileID: 0}
    - target: {fileID: 3479624432061101439, guid: 7753360b8cddde34eb187a1f61e3480b,
        type: 3}
      propertyPath: m_SizeDelta.x
      value: 0
      objectReference: {fileID: 0}
    - target: {fileID: 3479624432061101439, guid: 7753360b8cddde34eb187a1f61e3480b,
        type: 3}
      propertyPath: m_SizeDelta.y
      value: 0
      objectReference: {fileID: 0}
    - target: {fileID: 3479624432061101439, guid: 7753360b8cddde34eb187a1f61e3480b,
        type: 3}
      propertyPath: m_AnchorMin.x
      value: 0
      objectReference: {fileID: 0}
    - target: {fileID: 3479624432061101439, guid: 7753360b8cddde34eb187a1f61e3480b,
        type: 3}
      propertyPath: m_AnchorMin.y
      value: 0
      objectReference: {fileID: 0}
    - target: {fileID: 3479624432061101439, guid: 7753360b8cddde34eb187a1f61e3480b,
        type: 3}
      propertyPath: m_AnchorMax.x
      value: 0
      objectReference: {fileID: 0}
    - target: {fileID: 3479624432061101439, guid: 7753360b8cddde34eb187a1f61e3480b,
        type: 3}
      propertyPath: m_AnchorMax.y
      value: 0
      objectReference: {fileID: 0}
    - target: {fileID: 3479624432061101439, guid: 7753360b8cddde34eb187a1f61e3480b,
        type: 3}
      propertyPath: m_Pivot.x
      value: 0.5
      objectReference: {fileID: 0}
    - target: {fileID: 3479624432061101439, guid: 7753360b8cddde34eb187a1f61e3480b,
        type: 3}
      propertyPath: m_Pivot.y
      value: 0.5
      objectReference: {fileID: 0}
    - target: {fileID: 3479624432112166304, guid: 7753360b8cddde34eb187a1f61e3480b,
        type: 3}
      propertyPath: m_Text
      value: PROGRAMMING
      objectReference: {fileID: 0}
    - target: {fileID: 6684861521600548294, guid: 7753360b8cddde34eb187a1f61e3480b,
        type: 3}
      propertyPath: m_Text
      value: 'MODE

'
      objectReference: {fileID: 0}
    m_RemovedComponents: []
  m_SourcePrefab: {fileID: 100100000, guid: 7753360b8cddde34eb187a1f61e3480b, type: 3}
--- !u!224 &5854958974271069257 stripped
RectTransform:
  m_CorrespondingSourceObject: {fileID: 3479624432061101439, guid: 7753360b8cddde34eb187a1f61e3480b,
    type: 3}
  m_PrefabInstance: {fileID: 6992654081872111926}
  m_PrefabAsset: {fileID: 0}
--- !u!114 &5854958974271069259 stripped
MonoBehaviour:
  m_CorrespondingSourceObject: {fileID: 3479624432061101437, guid: 7753360b8cddde34eb187a1f61e3480b,
    type: 3}
  m_PrefabInstance: {fileID: 6992654081872111926}
  m_PrefabAsset: {fileID: 0}
  m_GameObject: {fileID: 0}
  m_Enabled: 1
  m_EditorHideFlags: 0
  m_Script: {fileID: 11500000, guid: 4e29b1a8efbd4b44bb3f3716e73f07ff, type: 3}
  m_Name: 
  m_EditorClassIdentifier: 
--- !u!1001 &6992654082347350725
PrefabInstance:
  m_ObjectHideFlags: 0
  serializedVersion: 2
  m_Modification:
    m_TransformParent: {fileID: 6764946690958862708}
    m_Modifications:
    - target: {fileID: 3479624432061101434, guid: 7753360b8cddde34eb187a1f61e3480b,
        type: 3}
      propertyPath: m_Color.r
      value: 0.15294118
      objectReference: {fileID: 0}
    - target: {fileID: 3479624432061101434, guid: 7753360b8cddde34eb187a1f61e3480b,
        type: 3}
      propertyPath: m_Color.g
      value: 0.49803925
      objectReference: {fileID: 0}
    - target: {fileID: 3479624432061101434, guid: 7753360b8cddde34eb187a1f61e3480b,
        type: 3}
      propertyPath: m_Color.b
      value: 0.7960785
      objectReference: {fileID: 0}
    - target: {fileID: 3479624432061101438, guid: 7753360b8cddde34eb187a1f61e3480b,
        type: 3}
      propertyPath: m_Name
      value: GyroscopeModeButton
      objectReference: {fileID: 0}
    - target: {fileID: 3479624432061101439, guid: 7753360b8cddde34eb187a1f61e3480b,
        type: 3}
      propertyPath: m_LocalPosition.x
      value: 0
      objectReference: {fileID: 0}
    - target: {fileID: 3479624432061101439, guid: 7753360b8cddde34eb187a1f61e3480b,
        type: 3}
      propertyPath: m_LocalPosition.y
      value: 0
      objectReference: {fileID: 0}
    - target: {fileID: 3479624432061101439, guid: 7753360b8cddde34eb187a1f61e3480b,
        type: 3}
      propertyPath: m_LocalPosition.z
      value: 0
      objectReference: {fileID: 0}
    - target: {fileID: 3479624432061101439, guid: 7753360b8cddde34eb187a1f61e3480b,
        type: 3}
      propertyPath: m_LocalRotation.x
      value: 0
      objectReference: {fileID: 0}
    - target: {fileID: 3479624432061101439, guid: 7753360b8cddde34eb187a1f61e3480b,
        type: 3}
      propertyPath: m_LocalRotation.y
      value: 0
      objectReference: {fileID: 0}
    - target: {fileID: 3479624432061101439, guid: 7753360b8cddde34eb187a1f61e3480b,
        type: 3}
      propertyPath: m_LocalRotation.z
      value: 0
      objectReference: {fileID: 0}
    - target: {fileID: 3479624432061101439, guid: 7753360b8cddde34eb187a1f61e3480b,
        type: 3}
      propertyPath: m_LocalRotation.w
      value: 1
      objectReference: {fileID: 0}
    - target: {fileID: 3479624432061101439, guid: 7753360b8cddde34eb187a1f61e3480b,
        type: 3}
      propertyPath: m_RootOrder
      value: 1
      objectReference: {fileID: 0}
    - target: {fileID: 3479624432061101439, guid: 7753360b8cddde34eb187a1f61e3480b,
        type: 3}
      propertyPath: m_LocalEulerAnglesHint.x
      value: 0
      objectReference: {fileID: 0}
    - target: {fileID: 3479624432061101439, guid: 7753360b8cddde34eb187a1f61e3480b,
        type: 3}
      propertyPath: m_LocalEulerAnglesHint.y
      value: 0
      objectReference: {fileID: 0}
    - target: {fileID: 3479624432061101439, guid: 7753360b8cddde34eb187a1f61e3480b,
        type: 3}
      propertyPath: m_LocalEulerAnglesHint.z
      value: 0
      objectReference: {fileID: 0}
    - target: {fileID: 3479624432061101439, guid: 7753360b8cddde34eb187a1f61e3480b,
        type: 3}
      propertyPath: m_AnchoredPosition.x
      value: 0
      objectReference: {fileID: 0}
    - target: {fileID: 3479624432061101439, guid: 7753360b8cddde34eb187a1f61e3480b,
        type: 3}
      propertyPath: m_AnchoredPosition.y
      value: 0
      objectReference: {fileID: 0}
    - target: {fileID: 3479624432061101439, guid: 7753360b8cddde34eb187a1f61e3480b,
        type: 3}
      propertyPath: m_SizeDelta.x
      value: 0
      objectReference: {fileID: 0}
    - target: {fileID: 3479624432061101439, guid: 7753360b8cddde34eb187a1f61e3480b,
        type: 3}
      propertyPath: m_SizeDelta.y
      value: 0
      objectReference: {fileID: 0}
    - target: {fileID: 3479624432061101439, guid: 7753360b8cddde34eb187a1f61e3480b,
        type: 3}
      propertyPath: m_AnchorMin.x
      value: 0
      objectReference: {fileID: 0}
    - target: {fileID: 3479624432061101439, guid: 7753360b8cddde34eb187a1f61e3480b,
        type: 3}
      propertyPath: m_AnchorMin.y
      value: 0
      objectReference: {fileID: 0}
    - target: {fileID: 3479624432061101439, guid: 7753360b8cddde34eb187a1f61e3480b,
        type: 3}
      propertyPath: m_AnchorMax.x
      value: 0
      objectReference: {fileID: 0}
    - target: {fileID: 3479624432061101439, guid: 7753360b8cddde34eb187a1f61e3480b,
        type: 3}
      propertyPath: m_AnchorMax.y
      value: 0
      objectReference: {fileID: 0}
    - target: {fileID: 3479624432061101439, guid: 7753360b8cddde34eb187a1f61e3480b,
        type: 3}
      propertyPath: m_Pivot.x
      value: 0.5
      objectReference: {fileID: 0}
    - target: {fileID: 3479624432061101439, guid: 7753360b8cddde34eb187a1f61e3480b,
        type: 3}
      propertyPath: m_Pivot.y
      value: 0.5
      objectReference: {fileID: 0}
    - target: {fileID: 3479624432112166304, guid: 7753360b8cddde34eb187a1f61e3480b,
        type: 3}
      propertyPath: m_Text
      value: GYROSCOPE
      objectReference: {fileID: 0}
    - target: {fileID: 6684861521600548294, guid: 7753360b8cddde34eb187a1f61e3480b,
        type: 3}
      propertyPath: m_Text
      value: MODE
      objectReference: {fileID: 0}
    m_RemovedComponents: []
  m_SourcePrefab: {fileID: 100100000, guid: 7753360b8cddde34eb187a1f61e3480b, type: 3}
--- !u!114 &5854958975811456952 stripped
MonoBehaviour:
  m_CorrespondingSourceObject: {fileID: 3479624432061101437, guid: 7753360b8cddde34eb187a1f61e3480b,
    type: 3}
  m_PrefabInstance: {fileID: 6992654082347350725}
  m_PrefabAsset: {fileID: 0}
  m_GameObject: {fileID: 0}
  m_Enabled: 1
  m_EditorHideFlags: 0
  m_Script: {fileID: 11500000, guid: 4e29b1a8efbd4b44bb3f3716e73f07ff, type: 3}
  m_Name: 
  m_EditorClassIdentifier: 
--- !u!224 &5854958975811456954 stripped
RectTransform:
  m_CorrespondingSourceObject: {fileID: 3479624432061101439, guid: 7753360b8cddde34eb187a1f61e3480b,
    type: 3}
  m_PrefabInstance: {fileID: 6992654082347350725}
  m_PrefabAsset: {fileID: 0}
--- !u!1001 &6992654082468171380
PrefabInstance:
  m_ObjectHideFlags: 0
  serializedVersion: 2
  m_Modification:
    m_TransformParent: {fileID: 6764946690462390653}
    m_Modifications:
    - target: {fileID: 3479624432061101434, guid: 7753360b8cddde34eb187a1f61e3480b,
        type: 3}
      propertyPath: m_Color.r
      value: 0.8862746
      objectReference: {fileID: 0}
    - target: {fileID: 3479624432061101434, guid: 7753360b8cddde34eb187a1f61e3480b,
        type: 3}
      propertyPath: m_Color.g
      value: 0.59607846
      objectReference: {fileID: 0}
    - target: {fileID: 3479624432061101434, guid: 7753360b8cddde34eb187a1f61e3480b,
        type: 3}
      propertyPath: m_Color.b
      value: 0.0627451
      objectReference: {fileID: 0}
    - target: {fileID: 3479624432061101438, guid: 7753360b8cddde34eb187a1f61e3480b,
        type: 3}
      propertyPath: m_Name
      value: SettingsButton
      objectReference: {fileID: 0}
    - target: {fileID: 3479624432061101439, guid: 7753360b8cddde34eb187a1f61e3480b,
        type: 3}
      propertyPath: m_LocalPosition.x
      value: 0
      objectReference: {fileID: 0}
    - target: {fileID: 3479624432061101439, guid: 7753360b8cddde34eb187a1f61e3480b,
        type: 3}
      propertyPath: m_LocalPosition.y
      value: 0
      objectReference: {fileID: 0}
    - target: {fileID: 3479624432061101439, guid: 7753360b8cddde34eb187a1f61e3480b,
        type: 3}
      propertyPath: m_LocalPosition.z
      value: 0
      objectReference: {fileID: 0}
    - target: {fileID: 3479624432061101439, guid: 7753360b8cddde34eb187a1f61e3480b,
        type: 3}
      propertyPath: m_LocalRotation.x
      value: 0
      objectReference: {fileID: 0}
    - target: {fileID: 3479624432061101439, guid: 7753360b8cddde34eb187a1f61e3480b,
        type: 3}
      propertyPath: m_LocalRotation.y
      value: 0
      objectReference: {fileID: 0}
    - target: {fileID: 3479624432061101439, guid: 7753360b8cddde34eb187a1f61e3480b,
        type: 3}
      propertyPath: m_LocalRotation.z
      value: 0
      objectReference: {fileID: 0}
    - target: {fileID: 3479624432061101439, guid: 7753360b8cddde34eb187a1f61e3480b,
        type: 3}
      propertyPath: m_LocalRotation.w
      value: 1
      objectReference: {fileID: 0}
    - target: {fileID: 3479624432061101439, guid: 7753360b8cddde34eb187a1f61e3480b,
        type: 3}
      propertyPath: m_RootOrder
      value: 1
      objectReference: {fileID: 0}
    - target: {fileID: 3479624432061101439, guid: 7753360b8cddde34eb187a1f61e3480b,
        type: 3}
      propertyPath: m_LocalEulerAnglesHint.x
      value: 0
      objectReference: {fileID: 0}
    - target: {fileID: 3479624432061101439, guid: 7753360b8cddde34eb187a1f61e3480b,
        type: 3}
      propertyPath: m_LocalEulerAnglesHint.y
      value: 0
      objectReference: {fileID: 0}
    - target: {fileID: 3479624432061101439, guid: 7753360b8cddde34eb187a1f61e3480b,
        type: 3}
      propertyPath: m_LocalEulerAnglesHint.z
      value: 0
      objectReference: {fileID: 0}
    - target: {fileID: 3479624432061101439, guid: 7753360b8cddde34eb187a1f61e3480b,
        type: 3}
      propertyPath: m_AnchoredPosition.x
      value: 0
      objectReference: {fileID: 0}
    - target: {fileID: 3479624432061101439, guid: 7753360b8cddde34eb187a1f61e3480b,
        type: 3}
      propertyPath: m_AnchoredPosition.y
      value: 0
      objectReference: {fileID: 0}
    - target: {fileID: 3479624432061101439, guid: 7753360b8cddde34eb187a1f61e3480b,
        type: 3}
      propertyPath: m_SizeDelta.x
      value: 0
      objectReference: {fileID: 0}
    - target: {fileID: 3479624432061101439, guid: 7753360b8cddde34eb187a1f61e3480b,
        type: 3}
      propertyPath: m_SizeDelta.y
      value: 0
      objectReference: {fileID: 0}
    - target: {fileID: 3479624432061101439, guid: 7753360b8cddde34eb187a1f61e3480b,
        type: 3}
      propertyPath: m_AnchorMin.x
      value: 0
      objectReference: {fileID: 0}
    - target: {fileID: 3479624432061101439, guid: 7753360b8cddde34eb187a1f61e3480b,
        type: 3}
      propertyPath: m_AnchorMin.y
      value: 0
      objectReference: {fileID: 0}
    - target: {fileID: 3479624432061101439, guid: 7753360b8cddde34eb187a1f61e3480b,
        type: 3}
      propertyPath: m_AnchorMax.x
      value: 0
      objectReference: {fileID: 0}
    - target: {fileID: 3479624432061101439, guid: 7753360b8cddde34eb187a1f61e3480b,
        type: 3}
      propertyPath: m_AnchorMax.y
      value: 0
      objectReference: {fileID: 0}
    - target: {fileID: 3479624432061101439, guid: 7753360b8cddde34eb187a1f61e3480b,
        type: 3}
      propertyPath: m_Pivot.x
      value: 0.5
      objectReference: {fileID: 0}
    - target: {fileID: 3479624432061101439, guid: 7753360b8cddde34eb187a1f61e3480b,
        type: 3}
      propertyPath: m_Pivot.y
      value: 0.5
      objectReference: {fileID: 0}
    - target: {fileID: 3479624432112166304, guid: 7753360b8cddde34eb187a1f61e3480b,
        type: 3}
      propertyPath: m_Text
      value: 'ABOUT

'
      objectReference: {fileID: 0}
    - target: {fileID: 6684861521600548294, guid: 7753360b8cddde34eb187a1f61e3480b,
        type: 3}
      propertyPath: m_Text
      value: APP
      objectReference: {fileID: 0}
    m_RemovedComponents: []
  m_SourcePrefab: {fileID: 100100000, guid: 7753360b8cddde34eb187a1f61e3480b, type: 3}
--- !u!224 &5854958975924501259 stripped
RectTransform:
  m_CorrespondingSourceObject: {fileID: 3479624432061101439, guid: 7753360b8cddde34eb187a1f61e3480b,
    type: 3}
  m_PrefabInstance: {fileID: 6992654082468171380}
  m_PrefabAsset: {fileID: 0}
--- !u!114 &5854958975924501257 stripped
MonoBehaviour:
  m_CorrespondingSourceObject: {fileID: 3479624432061101437, guid: 7753360b8cddde34eb187a1f61e3480b,
    type: 3}
  m_PrefabInstance: {fileID: 6992654082468171380}
  m_PrefabAsset: {fileID: 0}
  m_GameObject: {fileID: 0}
  m_Enabled: 1
  m_EditorHideFlags: 0
  m_Script: {fileID: 11500000, guid: 4e29b1a8efbd4b44bb3f3716e73f07ff, type: 3}
  m_Name: 
  m_EditorClassIdentifier: 
