%YAML 1.1
%TAG !u! tag:unity3d.com,2011:
--- !u!1 &569368610
GameObject:
  m_ObjectHideFlags: 0
  m_CorrespondingSourceObject: {fileID: 0}
  m_PrefabInstance: {fileID: 0}
  m_PrefabAsset: {fileID: 0}
  serializedVersion: 6
  m_Component:
  - component: {fileID: 569368611}
  - component: {fileID: 569368614}
  - component: {fileID: 569368613}
  - component: {fileID: 569368612}
  m_Layer: 0
  m_Name: RM
  m_TagString: Untagged
  m_Icon: {fileID: 0}
  m_NavMeshLayer: 0
  m_StaticEditorFlags: 0
  m_IsActive: 1
--- !u!4 &569368611
Transform:
  m_ObjectHideFlags: 0
  m_CorrespondingSourceObject: {fileID: 0}
  m_PrefabInstance: {fileID: 0}
  m_PrefabAsset: {fileID: 0}
  m_GameObject: {fileID: 569368610}
  m_LocalRotation: {x: 0.5384133, y: -0, z: -0, w: 0.842681}
  m_LocalPosition: {x: -11.5, y: 69.6, z: 24.2}
  m_LocalScale: {x: 1.7249633, y: 1.724963, z: 0.8086199}
  m_Children: []
  m_Father: {fileID: 2065075207706308218}
  m_RootOrder: 57
  m_LocalEulerAnglesHint: {x: 65.151, y: 0, z: 0}
--- !u!33 &569368614
MeshFilter:
  m_ObjectHideFlags: 0
  m_CorrespondingSourceObject: {fileID: 0}
  m_PrefabInstance: {fileID: 0}
  m_PrefabAsset: {fileID: 0}
  m_GameObject: {fileID: 569368610}
  m_Mesh: {fileID: 10209, guid: 0000000000000000e000000000000000, type: 0}
--- !u!23 &569368613
MeshRenderer:
  m_ObjectHideFlags: 0
  m_CorrespondingSourceObject: {fileID: 0}
  m_PrefabInstance: {fileID: 0}
  m_PrefabAsset: {fileID: 0}
  m_GameObject: {fileID: 569368610}
  m_Enabled: 1
  m_CastShadows: 1
  m_ReceiveShadows: 1
  m_DynamicOccludee: 1
  m_MotionVectors: 1
  m_LightProbeUsage: 1
  m_ReflectionProbeUsage: 1
  m_RenderingLayerMask: 1
  m_RendererPriority: 0
  m_Materials:
  - {fileID: 2100000, guid: f7eadc21ea1b94ba08cfa53c13beb76f, type: 2}
  m_StaticBatchInfo:
    firstSubMesh: 0
    subMeshCount: 0
  m_StaticBatchRoot: {fileID: 0}
  m_ProbeAnchor: {fileID: 0}
  m_LightProbeVolumeOverride: {fileID: 0}
  m_ScaleInLightmap: 1
  m_ReceiveGI: 1
  m_PreserveUVs: 0
  m_IgnoreNormalsForChartDetection: 0
  m_ImportantGI: 0
  m_StitchLightmapSeams: 0
  m_SelectedEditorRenderState: 3
  m_MinimumChartSize: 4
  m_AutoUVMaxDistance: 0.5
  m_AutoUVMaxAngle: 89
  m_LightmapParameters: {fileID: 0}
  m_SortingLayerID: 0
  m_SortingLayer: 0
  m_SortingOrder: 0
--- !u!64 &569368612
MeshCollider:
  m_ObjectHideFlags: 0
  m_CorrespondingSourceObject: {fileID: 0}
  m_PrefabInstance: {fileID: 0}
  m_PrefabAsset: {fileID: 0}
  m_GameObject: {fileID: 569368610}
  m_Material: {fileID: 0}
  m_IsTrigger: 0
  m_Enabled: 1
  serializedVersion: 3
  m_Convex: 0
  m_CookingOptions: 14
  m_Mesh: {fileID: 10209, guid: 0000000000000000e000000000000000, type: 0}
--- !u!1 &585555791
GameObject:
  m_ObjectHideFlags: 0
  m_CorrespondingSourceObject: {fileID: 0}
  m_PrefabInstance: {fileID: 0}
  m_PrefabAsset: {fileID: 0}
  serializedVersion: 6
  m_Component:
  - component: {fileID: 585555792}
  m_Layer: 0
  m_Name: GameObject
  m_TagString: Untagged
  m_Icon: {fileID: 0}
  m_NavMeshLayer: 0
  m_StaticEditorFlags: 0
  m_IsActive: 1
--- !u!4 &585555792
Transform:
  m_ObjectHideFlags: 0
  m_CorrespondingSourceObject: {fileID: 0}
  m_PrefabInstance: {fileID: 0}
  m_PrefabAsset: {fileID: 0}
  m_GameObject: {fileID: 585555791}
  m_LocalRotation: {x: 0, y: 0, z: 0, w: 1}
  m_LocalPosition: {x: 0, y: 23, z: 0}
  m_LocalScale: {x: 1, y: 1, z: 1}
  m_Children: []
  m_Father: {fileID: 2065075207706308218}
  m_RootOrder: 51
  m_LocalEulerAnglesHint: {x: 0, y: 0, z: 0}
--- !u!1 &709545639
GameObject:
  m_ObjectHideFlags: 0
  m_CorrespondingSourceObject: {fileID: 0}
  m_PrefabInstance: {fileID: 0}
  m_PrefabAsset: {fileID: 0}
  serializedVersion: 6
  m_Component:
  - component: {fileID: 709545640}
  - component: {fileID: 709545643}
  - component: {fileID: 709545642}
  - component: {fileID: 709545641}
  m_Layer: 0
  m_Name: REB
  m_TagString: Untagged
  m_Icon: {fileID: 0}
  m_NavMeshLayer: 0
  m_StaticEditorFlags: 0
  m_IsActive: 1
--- !u!4 &709545640
Transform:
  m_ObjectHideFlags: 0
  m_CorrespondingSourceObject: {fileID: 0}
  m_PrefabInstance: {fileID: 0}
  m_PrefabAsset: {fileID: 0}
  m_GameObject: {fileID: 709545639}
  m_LocalRotation: {x: 0.5384133, y: -0, z: -0, w: 0.842681}
  m_LocalPosition: {x: -10.367489, y: 78.84, z: 20.16}
  m_LocalScale: {x: 1.7249633, y: 1.724963, z: 0.8086199}
  m_Children: []
  m_Father: {fileID: 2065075207706308218}
  m_RootOrder: 54
  m_LocalEulerAnglesHint: {x: 65.151, y: 0, z: 0}
--- !u!33 &709545643
MeshFilter:
  m_ObjectHideFlags: 0
  m_CorrespondingSourceObject: {fileID: 0}
  m_PrefabInstance: {fileID: 0}
  m_PrefabAsset: {fileID: 0}
  m_GameObject: {fileID: 709545639}
  m_Mesh: {fileID: 10209, guid: 0000000000000000e000000000000000, type: 0}
--- !u!23 &709545642
MeshRenderer:
  m_ObjectHideFlags: 0
  m_CorrespondingSourceObject: {fileID: 0}
  m_PrefabInstance: {fileID: 0}
  m_PrefabAsset: {fileID: 0}
  m_GameObject: {fileID: 709545639}
  m_Enabled: 1
  m_CastShadows: 1
  m_ReceiveShadows: 1
  m_DynamicOccludee: 1
  m_MotionVectors: 1
  m_LightProbeUsage: 1
  m_ReflectionProbeUsage: 1
  m_RenderingLayerMask: 1
  m_RendererPriority: 0
  m_Materials:
  - {fileID: 2100000, guid: f7eadc21ea1b94ba08cfa53c13beb76f, type: 2}
  m_StaticBatchInfo:
    firstSubMesh: 0
    subMeshCount: 0
  m_StaticBatchRoot: {fileID: 0}
  m_ProbeAnchor: {fileID: 0}
  m_LightProbeVolumeOverride: {fileID: 0}
  m_ScaleInLightmap: 1
  m_ReceiveGI: 1
  m_PreserveUVs: 0
  m_IgnoreNormalsForChartDetection: 0
  m_ImportantGI: 0
  m_StitchLightmapSeams: 0
  m_SelectedEditorRenderState: 3
  m_MinimumChartSize: 4
  m_AutoUVMaxDistance: 0.5
  m_AutoUVMaxAngle: 89
  m_LightmapParameters: {fileID: 0}
  m_SortingLayerID: 0
  m_SortingLayer: 0
  m_SortingOrder: 0
--- !u!64 &709545641
MeshCollider:
  m_ObjectHideFlags: 0
  m_CorrespondingSourceObject: {fileID: 0}
  m_PrefabInstance: {fileID: 0}
  m_PrefabAsset: {fileID: 0}
  m_GameObject: {fileID: 709545639}
  m_Material: {fileID: 0}
  m_IsTrigger: 0
  m_Enabled: 1
  serializedVersion: 3
  m_Convex: 0
  m_CookingOptions: 14
  m_Mesh: {fileID: 10209, guid: 0000000000000000e000000000000000, type: 0}
--- !u!1 &896987275
GameObject:
  m_ObjectHideFlags: 0
  m_CorrespondingSourceObject: {fileID: 0}
  m_PrefabInstance: {fileID: 0}
  m_PrefabAsset: {fileID: 0}
  serializedVersion: 6
  m_Component:
  - component: {fileID: 896987276}
  - component: {fileID: 896987279}
  - component: {fileID: 896987278}
  - component: {fileID: 896987277}
  m_Layer: 0
  m_Name: LM
  m_TagString: Untagged
  m_Icon: {fileID: 0}
  m_NavMeshLayer: 0
  m_StaticEditorFlags: 0
  m_IsActive: 1
--- !u!4 &896987276
Transform:
  m_ObjectHideFlags: 0
  m_CorrespondingSourceObject: {fileID: 0}
  m_PrefabInstance: {fileID: 0}
  m_PrefabAsset: {fileID: 0}
  m_GameObject: {fileID: 896987275}
  m_LocalRotation: {x: 0.5384133, y: -0, z: -0, w: 0.842681}
  m_LocalPosition: {x: 7.698015, y: 69.6, z: 24.2}
  m_LocalScale: {x: 1.7249633, y: 1.724963, z: 0.8086199}
  m_Children: []
  m_Father: {fileID: 2065075207706308218}
  m_RootOrder: 56
  m_LocalEulerAnglesHint: {x: 65.151, y: 0, z: 0}
--- !u!33 &896987279
MeshFilter:
  m_ObjectHideFlags: 0
  m_CorrespondingSourceObject: {fileID: 0}
  m_PrefabInstance: {fileID: 0}
  m_PrefabAsset: {fileID: 0}
  m_GameObject: {fileID: 896987275}
  m_Mesh: {fileID: 10209, guid: 0000000000000000e000000000000000, type: 0}
--- !u!23 &896987278
MeshRenderer:
  m_ObjectHideFlags: 0
  m_CorrespondingSourceObject: {fileID: 0}
  m_PrefabInstance: {fileID: 0}
  m_PrefabAsset: {fileID: 0}
  m_GameObject: {fileID: 896987275}
  m_Enabled: 1
  m_CastShadows: 1
  m_ReceiveShadows: 1
  m_DynamicOccludee: 1
  m_MotionVectors: 1
  m_LightProbeUsage: 1
  m_ReflectionProbeUsage: 1
  m_RenderingLayerMask: 1
  m_RendererPriority: 0
  m_Materials:
  - {fileID: 2100000, guid: f7eadc21ea1b94ba08cfa53c13beb76f, type: 2}
  m_StaticBatchInfo:
    firstSubMesh: 0
    subMeshCount: 0
  m_StaticBatchRoot: {fileID: 0}
  m_ProbeAnchor: {fileID: 0}
  m_LightProbeVolumeOverride: {fileID: 0}
  m_ScaleInLightmap: 1
  m_ReceiveGI: 1
  m_PreserveUVs: 0
  m_IgnoreNormalsForChartDetection: 0
  m_ImportantGI: 0
  m_StitchLightmapSeams: 0
  m_SelectedEditorRenderState: 3
  m_MinimumChartSize: 4
  m_AutoUVMaxDistance: 0.5
  m_AutoUVMaxAngle: 89
  m_LightmapParameters: {fileID: 0}
  m_SortingLayerID: 0
  m_SortingLayer: 0
  m_SortingOrder: 0
--- !u!64 &896987277
MeshCollider:
  m_ObjectHideFlags: 0
  m_CorrespondingSourceObject: {fileID: 0}
  m_PrefabInstance: {fileID: 0}
  m_PrefabAsset: {fileID: 0}
  m_GameObject: {fileID: 896987275}
  m_Material: {fileID: 0}
  m_IsTrigger: 0
  m_Enabled: 1
  serializedVersion: 3
  m_Convex: 0
  m_CookingOptions: 14
  m_Mesh: {fileID: 10209, guid: 0000000000000000e000000000000000, type: 0}
--- !u!1 &1625644259
GameObject:
  m_ObjectHideFlags: 0
  m_CorrespondingSourceObject: {fileID: 0}
  m_PrefabInstance: {fileID: 0}
  m_PrefabAsset: {fileID: 0}
  serializedVersion: 6
  m_Component:
  - component: {fileID: 1625644263}
  - component: {fileID: 1625644262}
  - component: {fileID: 1625644261}
  - component: {fileID: 1625644260}
  m_Layer: 0
  m_Name: MM
  m_TagString: Untagged
  m_Icon: {fileID: 0}
  m_NavMeshLayer: 0
  m_StaticEditorFlags: 0
  m_IsActive: 1
--- !u!4 &1625644263
Transform:
  m_ObjectHideFlags: 0
  m_CorrespondingSourceObject: {fileID: 0}
  m_PrefabInstance: {fileID: 0}
  m_PrefabAsset: {fileID: 0}
  m_GameObject: {fileID: 1625644259}
  m_LocalRotation: {x: 0.5384133, y: -0, z: -0, w: 0.842681}
  m_LocalPosition: {x: -1.3, y: 69.70013, z: 24.400564}
  m_LocalScale: {x: 0.7939275, y: 1.724963, z: 0.8086199}
  m_Children: []
  m_Father: {fileID: 2065075207706308218}
  m_RootOrder: 58
  m_LocalEulerAnglesHint: {x: 65.151, y: 0, z: 0}
--- !u!33 &1625644262
MeshFilter:
  m_ObjectHideFlags: 0
  m_CorrespondingSourceObject: {fileID: 0}
  m_PrefabInstance: {fileID: 0}
  m_PrefabAsset: {fileID: 0}
  m_GameObject: {fileID: 1625644259}
  m_Mesh: {fileID: 10209, guid: 0000000000000000e000000000000000, type: 0}
--- !u!23 &1625644261
MeshRenderer:
  m_ObjectHideFlags: 0
  m_CorrespondingSourceObject: {fileID: 0}
  m_PrefabInstance: {fileID: 0}
  m_PrefabAsset: {fileID: 0}
  m_GameObject: {fileID: 1625644259}
  m_Enabled: 1
  m_CastShadows: 1
  m_ReceiveShadows: 1
  m_DynamicOccludee: 1
  m_MotionVectors: 1
  m_LightProbeUsage: 1
  m_ReflectionProbeUsage: 1
  m_RenderingLayerMask: 1
  m_RendererPriority: 0
  m_Materials:
  - {fileID: 2100000, guid: f7eadc21ea1b94ba08cfa53c13beb76f, type: 2}
  m_StaticBatchInfo:
    firstSubMesh: 0
    subMeshCount: 0
  m_StaticBatchRoot: {fileID: 0}
  m_ProbeAnchor: {fileID: 0}
  m_LightProbeVolumeOverride: {fileID: 0}
  m_ScaleInLightmap: 1
  m_ReceiveGI: 1
  m_PreserveUVs: 0
  m_IgnoreNormalsForChartDetection: 0
  m_ImportantGI: 0
  m_StitchLightmapSeams: 0
  m_SelectedEditorRenderState: 3
  m_MinimumChartSize: 4
  m_AutoUVMaxDistance: 0.5
  m_AutoUVMaxAngle: 89
  m_LightmapParameters: {fileID: 0}
  m_SortingLayerID: 0
  m_SortingLayer: 0
  m_SortingOrder: 0
--- !u!64 &1625644260
MeshCollider:
  m_ObjectHideFlags: 0
  m_CorrespondingSourceObject: {fileID: 0}
  m_PrefabInstance: {fileID: 0}
  m_PrefabAsset: {fileID: 0}
  m_GameObject: {fileID: 1625644259}
  m_Material: {fileID: 0}
  m_IsTrigger: 0
  m_Enabled: 1
  serializedVersion: 3
  m_Convex: 0
  m_CookingOptions: 14
  m_Mesh: {fileID: 10209, guid: 0000000000000000e000000000000000, type: 0}
--- !u!1 &1841536551
GameObject:
  m_ObjectHideFlags: 0
  m_CorrespondingSourceObject: {fileID: 0}
  m_PrefabInstance: {fileID: 0}
  m_PrefabAsset: {fileID: 0}
  serializedVersion: 6
  m_Component:
  - component: {fileID: 1841536552}
  - component: {fileID: 1841536555}
  - component: {fileID: 1841536554}
  - component: {fileID: 1841536553}
  m_Layer: 0
  m_Name: LEB
  m_TagString: Untagged
  m_Icon: {fileID: 0}
  m_NavMeshLayer: 0
  m_StaticEditorFlags: 0
  m_IsActive: 1
--- !u!4 &1841536552
Transform:
  m_ObjectHideFlags: 0
  m_CorrespondingSourceObject: {fileID: 0}
  m_PrefabInstance: {fileID: 0}
  m_PrefabAsset: {fileID: 0}
  m_GameObject: {fileID: 1841536551}
  m_LocalRotation: {x: 0.5384133, y: -0, z: -0, w: 0.842681}
  m_LocalPosition: {x: 7.698015, y: 78.53, z: 20.3}
  m_LocalScale: {x: 1.7249633, y: 1.724963, z: 0.8086199}
  m_Children: []
  m_Father: {fileID: 2065075207706308218}
  m_RootOrder: 55
  m_LocalEulerAnglesHint: {x: 65.151, y: 0, z: 0}
--- !u!33 &1841536555
MeshFilter:
  m_ObjectHideFlags: 0
  m_CorrespondingSourceObject: {fileID: 0}
  m_PrefabInstance: {fileID: 0}
  m_PrefabAsset: {fileID: 0}
  m_GameObject: {fileID: 1841536551}
  m_Mesh: {fileID: 10209, guid: 0000000000000000e000000000000000, type: 0}
--- !u!23 &1841536554
MeshRenderer:
  m_ObjectHideFlags: 0
  m_CorrespondingSourceObject: {fileID: 0}
  m_PrefabInstance: {fileID: 0}
  m_PrefabAsset: {fileID: 0}
  m_GameObject: {fileID: 1841536551}
  m_Enabled: 1
  m_CastShadows: 1
  m_ReceiveShadows: 1
  m_DynamicOccludee: 1
  m_MotionVectors: 1
  m_LightProbeUsage: 1
  m_ReflectionProbeUsage: 1
  m_RenderingLayerMask: 1
  m_RendererPriority: 0
  m_Materials:
  - {fileID: 2100000, guid: f7eadc21ea1b94ba08cfa53c13beb76f, type: 2}
  m_StaticBatchInfo:
    firstSubMesh: 0
    subMeshCount: 0
  m_StaticBatchRoot: {fileID: 0}
  m_ProbeAnchor: {fileID: 0}
  m_LightProbeVolumeOverride: {fileID: 0}
  m_ScaleInLightmap: 1
  m_ReceiveGI: 1
  m_PreserveUVs: 0
  m_IgnoreNormalsForChartDetection: 0
  m_ImportantGI: 0
  m_StitchLightmapSeams: 0
  m_SelectedEditorRenderState: 3
  m_MinimumChartSize: 4
  m_AutoUVMaxDistance: 0.5
  m_AutoUVMaxAngle: 89
  m_LightmapParameters: {fileID: 0}
  m_SortingLayerID: 0
  m_SortingLayer: 0
  m_SortingOrder: 0
--- !u!64 &1841536553
MeshCollider:
  m_ObjectHideFlags: 0
  m_CorrespondingSourceObject: {fileID: 0}
  m_PrefabInstance: {fileID: 0}
  m_PrefabAsset: {fileID: 0}
  m_GameObject: {fileID: 1841536551}
  m_Material: {fileID: 0}
  m_IsTrigger: 0
  m_Enabled: 1
  serializedVersion: 3
  m_Convex: 0
  m_CookingOptions: 14
  m_Mesh: {fileID: 10209, guid: 0000000000000000e000000000000000, type: 0}
--- !u!1 &1960924830
GameObject:
  m_ObjectHideFlags: 0
  m_CorrespondingSourceObject: {fileID: 0}
  m_PrefabInstance: {fileID: 0}
  m_PrefabAsset: {fileID: 0}
  serializedVersion: 6
  m_Component:
  - component: {fileID: 1960924831}
  - component: {fileID: 1960924834}
  - component: {fileID: 1960924833}
  - component: {fileID: 1960924832}
  m_Layer: 0
  m_Name: REU
  m_TagString: Untagged
  m_Icon: {fileID: 0}
  m_NavMeshLayer: 0
  m_StaticEditorFlags: 0
  m_IsActive: 1
--- !u!4 &1960924831
Transform:
  m_ObjectHideFlags: 0
  m_CorrespondingSourceObject: {fileID: 0}
  m_PrefabInstance: {fileID: 0}
  m_PrefabAsset: {fileID: 0}
  m_GameObject: {fileID: 1960924830}
  m_LocalRotation: {x: 0.5384133, y: -0, z: -0, w: 0.842681}
  m_LocalPosition: {x: -10.37, y: 86.150116, z: 16.770273}
  m_LocalScale: {x: 1.7249633, y: 1.724963, z: 0.8086199}
  m_Children: []
  m_Father: {fileID: 2065075207706308218}
  m_RootOrder: 53
  m_LocalEulerAnglesHint: {x: 65.151, y: 0, z: 0}
--- !u!33 &1960924834
MeshFilter:
  m_ObjectHideFlags: 0
  m_CorrespondingSourceObject: {fileID: 0}
  m_PrefabInstance: {fileID: 0}
  m_PrefabAsset: {fileID: 0}
  m_GameObject: {fileID: 1960924830}
  m_Mesh: {fileID: 10209, guid: 0000000000000000e000000000000000, type: 0}
--- !u!23 &1960924833
MeshRenderer:
  m_ObjectHideFlags: 0
  m_CorrespondingSourceObject: {fileID: 0}
  m_PrefabInstance: {fileID: 0}
  m_PrefabAsset: {fileID: 0}
  m_GameObject: {fileID: 1960924830}
  m_Enabled: 1
  m_CastShadows: 1
  m_ReceiveShadows: 1
  m_DynamicOccludee: 1
  m_MotionVectors: 1
  m_LightProbeUsage: 1
  m_ReflectionProbeUsage: 1
  m_RenderingLayerMask: 1
  m_RendererPriority: 0
  m_Materials:
  - {fileID: 2100000, guid: f7eadc21ea1b94ba08cfa53c13beb76f, type: 2}
  m_StaticBatchInfo:
    firstSubMesh: 0
    subMeshCount: 0
  m_StaticBatchRoot: {fileID: 0}
  m_ProbeAnchor: {fileID: 0}
  m_LightProbeVolumeOverride: {fileID: 0}
  m_ScaleInLightmap: 1
  m_ReceiveGI: 1
  m_PreserveUVs: 0
  m_IgnoreNormalsForChartDetection: 0
  m_ImportantGI: 0
  m_StitchLightmapSeams: 0
  m_SelectedEditorRenderState: 3
  m_MinimumChartSize: 4
  m_AutoUVMaxDistance: 0.5
  m_AutoUVMaxAngle: 89
  m_LightmapParameters: {fileID: 0}
  m_SortingLayerID: 0
  m_SortingLayer: 0
  m_SortingOrder: 0
--- !u!64 &1960924832
MeshCollider:
  m_ObjectHideFlags: 0
  m_CorrespondingSourceObject: {fileID: 0}
  m_PrefabInstance: {fileID: 0}
  m_PrefabAsset: {fileID: 0}
  m_GameObject: {fileID: 1960924830}
  m_Material: {fileID: 0}
  m_IsTrigger: 0
  m_Enabled: 1
  serializedVersion: 3
  m_Convex: 0
  m_CookingOptions: 14
  m_Mesh: {fileID: 10209, guid: 0000000000000000e000000000000000, type: 0}
--- !u!1 &1961377756
GameObject:
  m_ObjectHideFlags: 0
  m_CorrespondingSourceObject: {fileID: 0}
  m_PrefabInstance: {fileID: 0}
  m_PrefabAsset: {fileID: 0}
  serializedVersion: 6
  m_Component:
  - component: {fileID: 1961377757}
  - component: {fileID: 1961377760}
  - component: {fileID: 1961377759}
  - component: {fileID: 1961377758}
  m_Layer: 0
  m_Name: LEU
  m_TagString: Untagged
  m_Icon: {fileID: 0}
  m_NavMeshLayer: 0
  m_StaticEditorFlags: 0
  m_IsActive: 1
--- !u!4 &1961377757
Transform:
  m_ObjectHideFlags: 0
  m_CorrespondingSourceObject: {fileID: 0}
  m_PrefabInstance: {fileID: 0}
  m_PrefabAsset: {fileID: 0}
  m_GameObject: {fileID: 1961377756}
  m_LocalRotation: {x: 0.5384133, y: -0, z: -0, w: 0.842681}
  m_LocalPosition: {x: 7.7, y: 86.15, z: 16.77}
  m_LocalScale: {x: 1.725147, y: 1.725147, z: 0.808562}
  m_Children: []
  m_Father: {fileID: 2065075207706308218}
  m_RootOrder: 52
  m_LocalEulerAnglesHint: {x: 65.151, y: 0, z: 0}
--- !u!33 &1961377760
MeshFilter:
  m_ObjectHideFlags: 0
  m_CorrespondingSourceObject: {fileID: 0}
  m_PrefabInstance: {fileID: 0}
  m_PrefabAsset: {fileID: 0}
  m_GameObject: {fileID: 1961377756}
  m_Mesh: {fileID: 10209, guid: 0000000000000000e000000000000000, type: 0}
--- !u!23 &1961377759
MeshRenderer:
  m_ObjectHideFlags: 0
  m_CorrespondingSourceObject: {fileID: 0}
  m_PrefabInstance: {fileID: 0}
  m_PrefabAsset: {fileID: 0}
  m_GameObject: {fileID: 1961377756}
  m_Enabled: 1
  m_CastShadows: 1
  m_ReceiveShadows: 1
  m_DynamicOccludee: 1
  m_MotionVectors: 1
  m_LightProbeUsage: 1
  m_ReflectionProbeUsage: 1
  m_RenderingLayerMask: 1
  m_RendererPriority: 0
  m_Materials:
  - {fileID: 2100000, guid: f7eadc21ea1b94ba08cfa53c13beb76f, type: 2}
  m_StaticBatchInfo:
    firstSubMesh: 0
    subMeshCount: 0
  m_StaticBatchRoot: {fileID: 0}
  m_ProbeAnchor: {fileID: 0}
  m_LightProbeVolumeOverride: {fileID: 0}
  m_ScaleInLightmap: 1
  m_ReceiveGI: 1
  m_PreserveUVs: 0
  m_IgnoreNormalsForChartDetection: 0
  m_ImportantGI: 0
  m_StitchLightmapSeams: 0
  m_SelectedEditorRenderState: 3
  m_MinimumChartSize: 4
  m_AutoUVMaxDistance: 0.5
  m_AutoUVMaxAngle: 89
  m_LightmapParameters: {fileID: 0}
  m_SortingLayerID: 0
  m_SortingLayer: 0
  m_SortingOrder: 0
--- !u!64 &1961377758
MeshCollider:
  m_ObjectHideFlags: 0
  m_CorrespondingSourceObject: {fileID: 0}
  m_PrefabInstance: {fileID: 0}
  m_PrefabAsset: {fileID: 0}
  m_GameObject: {fileID: 1961377756}
  m_Material: {fileID: 0}
  m_IsTrigger: 0
  m_Enabled: 1
  serializedVersion: 3
  m_Convex: 0
  m_CookingOptions: 14
  m_Mesh: {fileID: 10209, guid: 0000000000000000e000000000000000, type: 0}
--- !u!1001 &2065075207706178718
PrefabInstance:
  m_ObjectHideFlags: 0
  serializedVersion: 2
  m_Modification:
    m_TransformParent: {fileID: 0}
    m_Modifications:
    - target: {fileID: 100100, guid: 51287aed8184e4c70989cd63ff8c6a84, type: 3}
      propertyPath: m_Name
      value: arrobot
      objectReference: {fileID: 0}
    - target: {fileID: 400100, guid: 51287aed8184e4c70989cd63ff8c6a84, type: 3}
      propertyPath: m_LocalPosition.x
      value: -1705.265
      objectReference: {fileID: 0}
    - target: {fileID: 400100, guid: 51287aed8184e4c70989cd63ff8c6a84, type: 3}
      propertyPath: m_LocalPosition.y
      value: 71.11
      objectReference: {fileID: 0}
    - target: {fileID: 400100, guid: 51287aed8184e4c70989cd63ff8c6a84, type: 3}
      propertyPath: m_LocalPosition.z
      value: 385.16525
      objectReference: {fileID: 0}
    - target: {fileID: 400100, guid: 51287aed8184e4c70989cd63ff8c6a84, type: 3}
      propertyPath: m_LocalRotation.x
      value: 0
      objectReference: {fileID: 0}
    - target: {fileID: 400100, guid: 51287aed8184e4c70989cd63ff8c6a84, type: 3}
      propertyPath: m_LocalRotation.y
      value: 1
      objectReference: {fileID: 0}
    - target: {fileID: 400100, guid: 51287aed8184e4c70989cd63ff8c6a84, type: 3}
      propertyPath: m_LocalRotation.z
      value: 0
      objectReference: {fileID: 0}
    - target: {fileID: 400100, guid: 51287aed8184e4c70989cd63ff8c6a84, type: 3}
      propertyPath: m_LocalRotation.w
      value: 0
      objectReference: {fileID: 0}
    - target: {fileID: 400100, guid: 51287aed8184e4c70989cd63ff8c6a84, type: 3}
      propertyPath: m_RootOrder
      value: 0
      objectReference: {fileID: 0}
    - target: {fileID: 400100, guid: 51287aed8184e4c70989cd63ff8c6a84, type: 3}
      propertyPath: m_LocalEulerAnglesHint.x
      value: 0
      objectReference: {fileID: 0}
    - target: {fileID: 400100, guid: 51287aed8184e4c70989cd63ff8c6a84, type: 3}
      propertyPath: m_LocalEulerAnglesHint.y
      value: 180
      objectReference: {fileID: 0}
    - target: {fileID: 400100, guid: 51287aed8184e4c70989cd63ff8c6a84, type: 3}
      propertyPath: m_LocalEulerAnglesHint.z
      value: 0
      objectReference: {fileID: 0}
    - target: {fileID: 400100, guid: 51287aed8184e4c70989cd63ff8c6a84, type: 3}
      propertyPath: m_LocalScale.x
      value: 0.021629458
      objectReference: {fileID: 0}
    - target: {fileID: 400100, guid: 51287aed8184e4c70989cd63ff8c6a84, type: 3}
      propertyPath: m_LocalScale.y
      value: 0.021629458
      objectReference: {fileID: 0}
    - target: {fileID: 400100, guid: 51287aed8184e4c70989cd63ff8c6a84, type: 3}
      propertyPath: m_LocalScale.z
      value: 0.021629458
      objectReference: {fileID: 0}
    - target: {fileID: 9500000, guid: 51287aed8184e4c70989cd63ff8c6a84, type: 3}
      propertyPath: m_Controller
      value: 
      objectReference: {fileID: 9100000, guid: 9bf9f8a4568704a3289ecd288abaf817, type: 2}
    - target: {fileID: 9500000, guid: 51287aed8184e4c70989cd63ff8c6a84, type: 3}
      propertyPath: m_ApplyRootMotion
      value: 0
      objectReference: {fileID: 0}
    - target: {fileID: 9500000, guid: 51287aed8184e4c70989cd63ff8c6a84, type: 3}
      propertyPath: m_CullingMode
      value: 0
      objectReference: {fileID: 0}
    - target: {fileID: 400082, guid: 51287aed8184e4c70989cd63ff8c6a84, type: 3}
      propertyPath: m_LocalPosition.x
      value: 0.5
      objectReference: {fileID: 0}
    - target: {fileID: 400082, guid: 51287aed8184e4c70989cd63ff8c6a84, type: 3}
      propertyPath: m_LocalPosition.z
      value: 0.2
      objectReference: {fileID: 0}
    - target: {fileID: 13700012, guid: 51287aed8184e4c70989cd63ff8c6a84, type: 3}
      propertyPath: m_Materials.Array.data[0]
      value: 
      objectReference: {fileID: 2100000, guid: f3e54f00f9c4040b892358b182c673f7, type: 2}
    - target: {fileID: 13700014, guid: 51287aed8184e4c70989cd63ff8c6a84, type: 3}
      propertyPath: m_Materials.Array.data[0]
      value: 
      objectReference: {fileID: 2100000, guid: f3e54f00f9c4040b892358b182c673f7, type: 2}
    - target: {fileID: 2300004, guid: 51287aed8184e4c70989cd63ff8c6a84, type: 3}
      propertyPath: m_Materials.Array.data[0]
      value: 
      objectReference: {fileID: 2100000, guid: 5fb12bfe68bf5482d9adf0311e3d3161, type: 2}
    - target: {fileID: 13700000, guid: 51287aed8184e4c70989cd63ff8c6a84, type: 3}
      propertyPath: m_Materials.Array.data[0]
      value: 
      objectReference: {fileID: 2100000, guid: f3e54f00f9c4040b892358b182c673f7, type: 2}
    - target: {fileID: 13700002, guid: 51287aed8184e4c70989cd63ff8c6a84, type: 3}
      propertyPath: m_Materials.Array.data[0]
      value: 
      objectReference: {fileID: 2100000, guid: f3e54f00f9c4040b892358b182c673f7, type: 2}
    - target: {fileID: 13700004, guid: 51287aed8184e4c70989cd63ff8c6a84, type: 3}
      propertyPath: m_Materials.Array.data[0]
      value: 
      objectReference: {fileID: 2100000, guid: 19b9aa498cdb94414aad79bb9a0133c2, type: 2}
    - target: {fileID: 13700006, guid: 51287aed8184e4c70989cd63ff8c6a84, type: 3}
      propertyPath: m_Materials.Array.data[0]
      value: 
      objectReference: {fileID: 2100000, guid: f3e54f00f9c4040b892358b182c673f7, type: 2}
    - target: {fileID: 13700008, guid: 51287aed8184e4c70989cd63ff8c6a84, type: 3}
      propertyPath: m_Materials.Array.data[0]
      value: 
      objectReference: {fileID: 2100000, guid: 19b9aa498cdb94414aad79bb9a0133c2, type: 2}
    - target: {fileID: 13700010, guid: 51287aed8184e4c70989cd63ff8c6a84, type: 3}
      propertyPath: m_Materials.Array.data[0]
      value: 
      objectReference: {fileID: 2100000, guid: f3e54f00f9c4040b892358b182c673f7, type: 2}
    - target: {fileID: 2300018, guid: 51287aed8184e4c70989cd63ff8c6a84, type: 3}
      propertyPath: m_Materials.Array.data[0]
      value: 
      objectReference: {fileID: 2100000, guid: 19b9aa498cdb94414aad79bb9a0133c2, type: 2}
    - target: {fileID: 2300020, guid: 51287aed8184e4c70989cd63ff8c6a84, type: 3}
      propertyPath: m_Materials.Array.data[0]
      value: 
      objectReference: {fileID: 2100000, guid: 5fb12bfe68bf5482d9adf0311e3d3161, type: 2}
    - target: {fileID: 2300022, guid: 51287aed8184e4c70989cd63ff8c6a84, type: 3}
      propertyPath: m_Materials.Array.data[0]
      value: 
      objectReference: {fileID: 2100000, guid: 0c51b7de964644e5cba8fa3bd47d899e, type: 2}
    - target: {fileID: 2300024, guid: 51287aed8184e4c70989cd63ff8c6a84, type: 3}
      propertyPath: m_Materials.Array.data[0]
      value: 
      objectReference: {fileID: 2100000, guid: 19b9aa498cdb94414aad79bb9a0133c2, type: 2}
    - target: {fileID: 2300026, guid: 51287aed8184e4c70989cd63ff8c6a84, type: 3}
      propertyPath: m_Materials.Array.data[0]
      value: 
      objectReference: {fileID: 2100000, guid: 5fb12bfe68bf5482d9adf0311e3d3161, type: 2}
    - target: {fileID: 2300028, guid: 51287aed8184e4c70989cd63ff8c6a84, type: 3}
      propertyPath: m_Materials.Array.data[0]
      value: 
      objectReference: {fileID: 2100000, guid: 0c51b7de964644e5cba8fa3bd47d899e, type: 2}
    - target: {fileID: 2300030, guid: 51287aed8184e4c70989cd63ff8c6a84, type: 3}
      propertyPath: m_Materials.Array.data[0]
      value: 
      objectReference: {fileID: 2100000, guid: 8ecd94732463e4f0aae2f22ed1a4a76f, type: 2}
    - target: {fileID: 2300032, guid: 51287aed8184e4c70989cd63ff8c6a84, type: 3}
      propertyPath: m_Materials.Array.data[0]
      value: 
      objectReference: {fileID: 2100000, guid: 8ecd94732463e4f0aae2f22ed1a4a76f, type: 2}
    - target: {fileID: 2300034, guid: 51287aed8184e4c70989cd63ff8c6a84, type: 3}
      propertyPath: m_Materials.Array.data[0]
      value: 
      objectReference: {fileID: 2100000, guid: f3e54f00f9c4040b892358b182c673f7, type: 2}
    - target: {fileID: 2300036, guid: 51287aed8184e4c70989cd63ff8c6a84, type: 3}
      propertyPath: m_Materials.Array.data[0]
      value: 
      objectReference: {fileID: 2100000, guid: 0c51b7de964644e5cba8fa3bd47d899e, type: 2}
    - target: {fileID: 2300038, guid: 51287aed8184e4c70989cd63ff8c6a84, type: 3}
      propertyPath: m_Materials.Array.data[0]
      value: 
      objectReference: {fileID: 2100000, guid: 8ecd94732463e4f0aae2f22ed1a4a76f, type: 2}
    - target: {fileID: 13700016, guid: 51287aed8184e4c70989cd63ff8c6a84, type: 3}
      propertyPath: m_Materials.Array.data[0]
      value: 
      objectReference: {fileID: 2100000, guid: 8ecd94732463e4f0aae2f22ed1a4a76f, type: 2}
    - target: {fileID: 13700018, guid: 51287aed8184e4c70989cd63ff8c6a84, type: 3}
      propertyPath: m_Materials.Array.data[0]
      value: 
      objectReference: {fileID: 2100000, guid: 8ecd94732463e4f0aae2f22ed1a4a76f, type: 2}
    - target: {fileID: 13700020, guid: 51287aed8184e4c70989cd63ff8c6a84, type: 3}
      propertyPath: m_Materials.Array.data[0]
      value: 
      objectReference: {fileID: 2100000, guid: 8ecd94732463e4f0aae2f22ed1a4a76f, type: 2}
    - target: {fileID: 2300046, guid: 51287aed8184e4c70989cd63ff8c6a84, type: 3}
      propertyPath: m_Materials.Array.data[0]
      value: 
      objectReference: {fileID: 2100000, guid: 8ecd94732463e4f0aae2f22ed1a4a76f, type: 2}
    - target: {fileID: 2300048, guid: 51287aed8184e4c70989cd63ff8c6a84, type: 3}
      propertyPath: m_Materials.Array.data[0]
      value: 
      objectReference: {fileID: 2100000, guid: 8ecd94732463e4f0aae2f22ed1a4a76f, type: 2}
    - target: {fileID: 2300050, guid: 51287aed8184e4c70989cd63ff8c6a84, type: 3}
      propertyPath: m_Materials.Array.data[0]
      value: 
      objectReference: {fileID: 2100000, guid: 0c51b7de964644e5cba8fa3bd47d899e, type: 2}
    - target: {fileID: 2300052, guid: 51287aed8184e4c70989cd63ff8c6a84, type: 3}
      propertyPath: m_Materials.Array.data[0]
      value: 
      objectReference: {fileID: 2100000, guid: 8ecd94732463e4f0aae2f22ed1a4a76f, type: 2}
    - target: {fileID: 2300054, guid: 51287aed8184e4c70989cd63ff8c6a84, type: 3}
      propertyPath: m_Materials.Array.data[0]
      value: 
      objectReference: {fileID: 2100000, guid: 8ecd94732463e4f0aae2f22ed1a4a76f, type: 2}
    - target: {fileID: 13700022, guid: 51287aed8184e4c70989cd63ff8c6a84, type: 3}
      propertyPath: m_Materials.Array.data[0]
      value: 
      objectReference: {fileID: 2100000, guid: 8ecd94732463e4f0aae2f22ed1a4a76f, type: 2}
    - target: {fileID: 13700024, guid: 51287aed8184e4c70989cd63ff8c6a84, type: 3}
      propertyPath: m_Materials.Array.data[0]
      value: 
      objectReference: {fileID: 2100000, guid: 8ecd94732463e4f0aae2f22ed1a4a76f, type: 2}
    - target: {fileID: 13700026, guid: 51287aed8184e4c70989cd63ff8c6a84, type: 3}
      propertyPath: m_Materials.Array.data[0]
      value: 
      objectReference: {fileID: 2100000, guid: 8ecd94732463e4f0aae2f22ed1a4a76f, type: 2}
    - target: {fileID: 13700028, guid: 51287aed8184e4c70989cd63ff8c6a84, type: 3}
      propertyPath: m_Materials.Array.data[0]
      value: 
      objectReference: {fileID: 2100000, guid: 8ecd94732463e4f0aae2f22ed1a4a76f, type: 2}
    - target: {fileID: 13700030, guid: 51287aed8184e4c70989cd63ff8c6a84, type: 3}
      propertyPath: m_Materials.Array.data[0]
      value: 
      objectReference: {fileID: 2100000, guid: 8ecd94732463e4f0aae2f22ed1a4a76f, type: 2}
    - target: {fileID: 2300068, guid: 51287aed8184e4c70989cd63ff8c6a84, type: 3}
      propertyPath: m_Materials.Array.data[0]
      value: 
      objectReference: {fileID: 2100000, guid: 8ecd94732463e4f0aae2f22ed1a4a76f, type: 2}
    - target: {fileID: 2300070, guid: 51287aed8184e4c70989cd63ff8c6a84, type: 3}
      propertyPath: m_Materials.Array.data[0]
      value: 
      objectReference: {fileID: 2100000, guid: 8ecd94732463e4f0aae2f22ed1a4a76f, type: 2}
    - target: {fileID: 13700032, guid: 51287aed8184e4c70989cd63ff8c6a84, type: 3}
      propertyPath: m_Materials.Array.data[0]
      value: 
      objectReference: {fileID: 2100000, guid: 19b9aa498cdb94414aad79bb9a0133c2, type: 2}
    - target: {fileID: 13700034, guid: 51287aed8184e4c70989cd63ff8c6a84, type: 3}
      propertyPath: m_Materials.Array.data[0]
      value: 
      objectReference: {fileID: 2100000, guid: 8ecd94732463e4f0aae2f22ed1a4a76f, type: 2}
    - target: {fileID: 2300076, guid: 51287aed8184e4c70989cd63ff8c6a84, type: 3}
      propertyPath: m_Materials.Array.data[0]
      value: 
      objectReference: {fileID: 2100000, guid: 8ecd94732463e4f0aae2f22ed1a4a76f, type: 2}
    - target: {fileID: 2300078, guid: 51287aed8184e4c70989cd63ff8c6a84, type: 3}
      propertyPath: m_Materials.Array.data[0]
      value: 
      objectReference: {fileID: 2100000, guid: 8ecd94732463e4f0aae2f22ed1a4a76f, type: 2}
    - target: {fileID: 2300080, guid: 51287aed8184e4c70989cd63ff8c6a84, type: 3}
      propertyPath: m_Materials.Array.data[0]
      value: 
      objectReference: {fileID: 2100000, guid: 8ecd94732463e4f0aae2f22ed1a4a76f, type: 2}
    - target: {fileID: 13700036, guid: 51287aed8184e4c70989cd63ff8c6a84, type: 3}
      propertyPath: m_Materials.Array.data[0]
      value: 
      objectReference: {fileID: 2100000, guid: 8ecd94732463e4f0aae2f22ed1a4a76f, type: 2}
    - target: {fileID: 13700038, guid: 51287aed8184e4c70989cd63ff8c6a84, type: 3}
      propertyPath: m_Materials.Array.data[0]
      value: 
      objectReference: {fileID: 2100000, guid: 8ecd94732463e4f0aae2f22ed1a4a76f, type: 2}
    - target: {fileID: 13700040, guid: 51287aed8184e4c70989cd63ff8c6a84, type: 3}
      propertyPath: m_Materials.Array.data[0]
      value: 
      objectReference: {fileID: 2100000, guid: 8ecd94732463e4f0aae2f22ed1a4a76f, type: 2}
    - target: {fileID: 13700042, guid: 51287aed8184e4c70989cd63ff8c6a84, type: 3}
      propertyPath: m_Materials.Array.data[0]
      value: 
      objectReference: {fileID: 2100000, guid: 8ecd94732463e4f0aae2f22ed1a4a76f, type: 2}
    - target: {fileID: 2300090, guid: 51287aed8184e4c70989cd63ff8c6a84, type: 3}
      propertyPath: m_Materials.Array.data[0]
      value: 
      objectReference: {fileID: 2100000, guid: 8ecd94732463e4f0aae2f22ed1a4a76f, type: 2}
    - target: {fileID: 13700044, guid: 51287aed8184e4c70989cd63ff8c6a84, type: 3}
      propertyPath: m_Materials.Array.data[0]
      value: 
      objectReference: {fileID: 2100000, guid: 19b9aa498cdb94414aad79bb9a0133c2, type: 2}
    - target: {fileID: 2300094, guid: 51287aed8184e4c70989cd63ff8c6a84, type: 3}
      propertyPath: m_Materials.Array.data[0]
      value: 
      objectReference: {fileID: 2100000, guid: 8ecd94732463e4f0aae2f22ed1a4a76f, type: 2}
    - target: {fileID: 2300096, guid: 51287aed8184e4c70989cd63ff8c6a84, type: 3}
      propertyPath: m_Materials.Array.data[0]
      value: 
      objectReference: {fileID: 2100000, guid: 8ecd94732463e4f0aae2f22ed1a4a76f, type: 2}
    - target: {fileID: 2300098, guid: 51287aed8184e4c70989cd63ff8c6a84, type: 3}
      propertyPath: m_Materials.Array.data[0]
      value: 
      objectReference: {fileID: 2100000, guid: 0c51b7de964644e5cba8fa3bd47d899e, type: 2}
    - target: {fileID: 2300060, guid: 51287aed8184e4c70989cd63ff8c6a84, type: 3}
      propertyPath: m_Materials.Array.data[0]
      value: 
      objectReference: {fileID: 2100000, guid: 8ecd94732463e4f0aae2f22ed1a4a76f, type: 2}
    m_RemovedComponents: []
  m_SourcePrefab: {fileID: 100100000, guid: 51287aed8184e4c70989cd63ff8c6a84, type: 3}
--- !u!4 &2065075207706308218 stripped
Transform:
  m_CorrespondingSourceObject: {fileID: 400100, guid: 51287aed8184e4c70989cd63ff8c6a84,
    type: 3}
  m_PrefabInstance: {fileID: 2065075207706178718}
  m_PrefabAsset: {fileID: 0}
